2784 4142
212 341 233 402 4
546 338 578 388 τ.
601 338 763 390 uuonan
786 340 873 390 cnm

215 484 308 545 Obliti
329 487 441 546 fontem
462 506 597 548 curarum
617 488 697 548 hunc
719 507 784 548 esse
805 488 951 549 timorem.

215 586 307 642 Hunc
328 603 431 644 vexare
452 587 607 662 pudorem,
630 588 710 646 hune
730 587 849 646 vincula
869 584 1009 647 amicitiai

215 684 365 758 Rumpere
386 693 416 742 et
436 681 467 741 in
489 701 604 741 summa
624 682 766 759 pietatem
787 693 918 743 evertere
939 686 1052 744 suadet.

214 782 293 841 Nam
314 781 373 840 iam
395 800 483 857 saepe
503 781 638 840 homines
659 780 784 858 patriam
806 800 950 858 carosque
971 782 1103 859 parentis

215 878 418 951 Prodiderunt‚
440 879 530 937 vitare
552 879 714 938 Acherusia
735 881 845 955 templa
867 891 1011 956 petentes.

216 976 292 1034 Nam
313 975 402 1034 veluti
424 974 506 1051 pueri
527 974 676 1051 trepidant
697 988 788 1053 atque
809 978 911 1036 omnia
932 978 1027 1038 caecis

215 1073 251 1128 In
272 1071 400 1131 tenebris
422 1081 566 1142 metuunt,
589 1071 631 1129 sic
653 1090 708 1130 nos
729 1070 759 1129 in
781 1073 848 1132 luce
869 1072 1007 1132 timemus

215 1169 377 1238 Interdum,
400 1168 461 1226 nilo
482 1185 557 1241 quae
578 1178 646 1226 sunt
667 1170 830 1228 metuenda
851 1169 943 1245 magis
964 1191 1053 1246 quam

215 1265 299 1339 Quae
319 1265 403 1341 pueri
423 1263 455 1323 in
475 1264 603 1324 tenebris
626 1263 758 1341 pavitant
779 1267 952 1342 finguntque
973 1268 1077 1326 futura.

215 1365 307 1421 Hunc
328 1361 414 1438 igitur
434 1372 573 1421 terrorem
595 1361 687 1420 animi
708 1364 906 1438 tenebrasque
927 1376 1077 1424 necessest

214 1462 284 1519 Non
305 1459 377 1518 radii
400 1459 470 1519 solis
491 1478 588 1534 neque
609 1460 710 1518 lucida
730 1461 789 1518 tela
810 1461 869 1520 diei

214 1555 391 1626 Discutiant,
414 1558 467 1614 sed
489 1557 611 1614 naturae
633 1555 747 1631 species
768 1557 910 1632 ratioque.

254 1652 383 1712 Primum
405 1651 535 1710 animum
558 1649 634 1725 dico,
658 1663 790 1711 mentem
812 1671 900 1728 quam
924 1672 1012 1730 saepe
1033 1673 1149 1713 vocamr

176 1797 184 1810 .
214 1751 252 1808 In
273 1769 332 1827 quo
353 1749 508 1808 consilium
531 1747 608 1808 vitae
629 1748 820 1826 regimenque
841 1750 970 1807 locatum
992 1762 1045 1822 est,

214 1849 288 1906 Esse
308 1845 435 1904 hominis
456 1857 570 1922 partem
593 1845 654 1905 nilo
676 1845 773 1904 minus
794 1865 829 1904 ac
850 1864 956 1906 manus
977 1858 1007 1907 et
1028 1867 1082 1924 pes

213 1947 313 2022 Atque
334 1943 411 2004 oculi
432 1955 529 2019 partes
550 1941 707 2002 animantis
728 1942 818 2001 totius
839 1954 947 2002 extant.

212 2143 337 2200 Sensum
358 2137 449 2197 animi
469 2148 549 2197 certa
570 2157 632 2197 non
652 2157 717 2197 esse
739 2137 770 2197 in
790 2149 873 2213 parte
895 2139 1035 2212 locatum,

212 2241 323 2297 Verum
344 2235 477 2295 habitum
499 2237 650 2313 quendam
671 2236 791 2295 vitalem
812 2235 943 2314 corporis
965 2256 1037 2309 esse,

213 2333 409 2395 Harmoniam
432 2333 502 2394 Grai
523 2352 611 2408 quam
633 2333 745 2406 dicunt,
768 2335 850 2410 quod
871 2335 957 2393 faciat
980 2355 1036 2395 nos

211 2432 320 2492 Vivere
340 2449 407 2489 cum
430 2448 527 2499 sensu,
550 2430 630 2486 nulla
651 2449 719 2488 cum
741 2429 770 2487 in
792 2440 875 2506 parte
896 2429 951 2490 siet
973 2451 1064 2491 mens.

213 2533 256 2592 Ut
278 2530 356 2590 bona
377 2545 465 2603 saepe
486 2526 626 2584 valetudo
648 2545 716 2584 cum
739 2525 845 2586 dicitur
865 2546 930 2587 esse

213 2624 364 2703 Corporis,
384 2635 414 2684 et
435 2642 497 2683 non
518 2632 563 2682 est
582 2634 683 2682 tamen
705 2625 781 2683 haec
801 2643 868 2699 pars
889 2625 948 2682 ulla
969 2625 1102 2696 valentis,

213 2721 260 2783 Sic
280 2720 371 2781 animi
392 2740 511 2780 sensum
533 2739 594 2779 non
616 2731 696 2780 certa
717 2731 800 2796 parte
821 2732 970 2795 reponunt
980 2742 989 2794 ;

214 2823 327 2898 Magno
349 2839 438 2897 opere
458 2819 489 2878 in
511 2839 571 2895 quo
592 2818 633 2878 mi
654 2817 762 2878 diversi
784 2838 878 2878 errare
898 2819 1044 2879 videntur.

212 2921 307 2995 Saepe
328 2917 437 2993 itaque,
460 2916 489 2975 in
511 2926 651 2992 promptu
674 2934 782 2991 corpus
803 2916 884 2990 quod
906 2916 1040 2985 cernitur,
1064 2935 1148 2992 aegre

214 3016 291 3076 Cum
312 3025 412 3073 tamen
434 3033 469 3073 ex
489 3012 547 3072 alia
568 3014 712 3072 laetamur
732 3022 814 3089 parte
836 3012 957 3087 latenti3

214 3116 254 3171 Et
274 3123 351 3172 retro
372 3114 404 3171 fit
425 3111 468 3171 uti
489 3122 592 3170 contra
612 3110 649 3169 sit
670 3129 760 3187 saepe
782 3109 918 3183 vicissim,

214 3210 292 3270 Cum
313 3209 402 3269 miser
422 3229 458 3267 ex
479 3208 578 3268 animo
600 3209 725 3266 laetatur
746 3227 869 3283 corpore
891 3218 973 3280 toto;

215 3309 284 3365 Non
306 3304 364 3365 alio
385 3316 473 3382 pacto
495 3322 584 3380 quam
606 3302 638 3374 si,
661 3321 716 3379 pes
736 3322 805 3361 cum
825 3303 906 3362 dolet
928 3303 1015 3378 aegri,

215 3407 251 3464 In
273 3405 355 3465 nullo
376 3413 464 3480 caput
484 3401 596 3461 interea
617 3400 654 3460 sit
675 3402 750 3461 sorte
771 3402 882 3461 dolore.

252 3525 334 3586 ,φιν
338 3537 375 3588 97
384 3540 403 3572 a
413 3539 482 3589 verse
489 3525 514 3574 is
526 3521 578 3583 lost,
595 3521 655 3572 such
672 3537 700 3570 as
715 3522 874 3586 Quamquam
888 3537 980 3584 magua
995 3523 1096 3585 quidem
1114 3540 1149 3588 sap

186 3609 242 3649 tmn
260 3604 334 3654 turba
348 3612 476 3673 putarunt

276 3864 338 3879 Q...
