2784 4142
402 329 451 377 DE
475 330 606 381 RERUM
632 332 788 382 NATURA
812 333 923 383 LIBER
945 335 997 384 111.
1158 336 1196 400 33

201 475 351 552 Optineat,
374 478 427 536 sed
448 477 500 553 qui
522 480 607 537 terrai
628 479 719 538 totius
741 481 853 551 orbem,

201 565 271 631 Non
293 583 394 632 tamen
415 585 568 633 aeternum
590 575 697 650 poterit
719 578 845 650 perferre
866 577 1000 637 dolorem
1140 596 1198 652 990

201 670 267 730 Nec
286 671 428 746 praebere
449 670 549 729 cibum
570 673 690 748 proprio
712 672 750 730 de
771 692 893 750 corpore
916 693 1039 750 semper.

199 767 259 826 Sed
280 765 384 843 Tityos
407 766 493 825 nobis
515 766 562 826 hic
583 779 636 836 est,
658 768 689 826 in
711 788 812 828 amore
833 769 980 829 iacentem

199 865 299 939 Quem
319 867 452 924 volucres
475 866 603 924 lacerant
624 876 716 941 atque
737 877 819 926 exest
840 866 943 926 anxius
964 887 1063 944 angor,

198 966 259 1020 Aut
280 963 339 1021 alia
359 961 462 1038 quavis
484 961 623 1021 scindunt
645 963 815 1039 cuppedine
835 984 930 1024 curae.

198 1059 339 1137 Sisyphus
361 1060 392 1118 in
413 1061 473 1119 vita
494 1079 615 1135 quoque
636 1060 724 1119 nobis
745 1072 815 1121 ante
837 1064 939 1121 oculos
961 1073 1015 1134 est,
1138 1079 1195 1140 995

199 1157 257 1233 Qui
278 1168 379 1235 petere
399 1178 417 1216 a
437 1158 550 1233 populo
571 1159 666 1216 fasces
688 1178 850 1234 saevasque
871 1179 989 1220 secures

200 1253 320 1314 lmbibit
342 1266 371 1314 et
392 1273 509 1330 semper
529 1251 623 1313 victus
646 1253 792 1330 tristisque
814 1255 932 1315 recedit.

199 1354 276 1410 Nam
298 1361 399 1427 petere
420 1349 584 1427 imperium,
608 1351 689 1426 quod
712 1351 827 1412 inanest
848 1371 904 1410 nec
925 1353 1012 1411 datur
1032 1372 1183 1429 umquam,
1262 1387 1266 1398 r

198 1452 298 1523 Atque
319 1447 408 1506 ineo
430 1466 546 1524 semper
567 1448 673 1506 durum
695 1450 814 1508 sufferre
835 1449 976 1522 laborem,
1259 1437 1261 1440 ⁵

199 1547 268 1603 Hoc
290 1554 335 1603 est
356 1544 480 1603 adverso
502 1543 651 1604 nixantem
674 1547 792 1605 trudere
812 1555 913 1605 monte
1119 1567 1194 1604 1000

197 1644 313 1715 Saxum,
338 1641 419 1717 quod
438 1653 539 1700 tamen
561 1661 578 1701 e
599 1662 717 1702 summo
739 1642 797 1700 iarn
818 1641 927 1701 vertice
948 1662 1063 1701 rursum

197 1737 332 1797 Volvitur
352 1748 382 1797 et
403 1737 482 1814 plani
504 1732 611 1816 r’aptim
632 1739 708 1816 petit
728 1758 858 1815 aequora
878 1739 984 1817 campi.

198 1835 317 1895 Deinde
337 1835 430 1895 animi
450 1836 594 1915 ingratam
617 1849 751 1897 naturam
773 1857 893 1915 pascere
914 1857 1038 1914 semper,

182 1938 296 2010 -Atque
318 1936 435 2010 explere
456 1935 543 1995 bonis
564 1938 652 1995 rebus
673 1935 839 2012 satiareque
861 1954 1033 2011 numquam,

197 2031 287 2105 Quod
308 2029 420 2112 faciunt
440 2031 529 2090 nobis
549 2051 695 2092 annorum
718 2044 860 2107 tempora,
884 2031 995 2093 circum
1118 2049 1191 2108 1005

195 2130 272 2188 Cum
293 2128 418 2187 redeunt
438 2130 575 2205 fetusque
596 2132 692 2189 serunt
714 2127 870 2204 variosque
891 2131 1015 2206 lepores,

197 2229 262 2286 Nec
284 2237 385 2285 tamen
406 2229 557 2302 explemur
577 2226 647 2286 vitai
667 2225 809 2286 fructibus
831 2245 981 2303 umquam,

197 2326 276 2395 Hoc,
299 2332 331 2380 ut
353 2321 466 2398 opinor,
489 2322 520 2381 id
541 2334 594 2394 est,
617 2342 692 2382 aevo
713 2323 836 2381 florente
857 2325 971 2398 puellas

196 2421 288 2495 Quod
310 2429 476 2478 memorant
496 2419 614 2480 laticem
636 2430 788 2496 pertusum
809 2438 967 2495 congerere
989 2419 1019 2478 in
1040 2439 1099 2492 vas,
1189 2484 1192 2488 ,

196 2518 287 2592 Quod
308 2526 407 2575 tamen
430 2516 541 2591 expleri
562 2519 643 2575 nulla
663 2515 780 2576 ratione
799 2527 942 2592 potestur.
1114 2536 1191 2574 1010

195 2614 342 2676 Cerberus
363 2625 392 2673 et
415 2613 519 2673 Furiae
540 2612 599 2673 iam
621 2633 691 2674 vero
711 2625 740 2673 et
761 2613 835 2672 lucis
857 2624 971 2689 egestas

543 2736 544 2739 ¹
642 2717 665 2764 le

195 2792 335 2849 Tartarus
356 2789 511 2850 horriferos
533 2803 669 2850 eructans
690 2790 824 2849 faucibus
845 2804 952 2864 aestus,

196 2885 256 2959 Qui
278 2904 376 2960 neque
397 2896 466 2945 sunt
487 2905 611 2961 usquam
633 2905 689 2946 uec
711 2897 835 2963 possunt
855 2905 921 2946 esse
942 2887 1083 2961 profecto.

195 2984 253 3042 Sed
273 2992 371 3041 metus
391 2981 423 3040 iu
443 2981 504 3042 vita
525 3002 686 3059 poenarum
709 3002 762 3059 pro
785 2985 861 3042 male
884 2982 967 3041 lactis

197 3083 248 3139 Est
269 3078 434 3156 insignibus
455 3079 586 3156 insignis,
609 3080 787 3157 scelerisque
808 3082 905 3151 luella,
1117 3097 1189 3155 1015

196 3177 303 3236 Carcer
324 3185 354 3233 et
374 3173 527 3234 horribilis
543 3176 581 3234 de
603 3194 673 3234 saxo
698 3175 785 3234 iactu'
807 3176 954 3246 deorsum,

196 3276 335 3345 Verbera,
357 3271 517 3343 carnifices
539 3275 637 3345 robur,
660 3271 719 3347 pix,
742 3271 892 3343 lammina,
914 3271 1038 3343 taedae3

197 3373 281 3447 Quae
303 3382 403 3430 tamen
425 3369 479 3429 etsi
500 3370 614 3440 absunt,
637 3380 667 3428 at
689 3388 775 3428 mens
796 3367 852 3427 sibi
872 3366 994 3427 conscia
1014 3365 1098 3425 factis

197 3471 406 3530 Praemetuens
427 3466 549 3527 adhibet
571 3467 709 3528 stimulos
729 3475 884 3544 terretque
900 3462 1043 3540 nagelta,

374 3597 456 3662 After
467 3616 530 3654 1011
547 3604 583 3654 M
591 3611 713 3671 supposes
725 3620 793 3654 some
805 3616 889 3652 verses
898 3600 927 3648 'to
940 3597 967 3645 be
976 3597 1028 3644 lost

247 3708 277 3749 n.
296 3710 324 3749 L.
340 3711 390 3754 111.
714 3712 718 3718 ·
1180 3685 1208 3734 ’5
