2784 4142
390 336 440 385 DE
463 334 598 385 RERUM
623 335 779 387 NATURA
802 334 914 406 LIBER
935 334 986 383 111.
1142 338 1184 400 29

193 485 257 559 Ipse
278 502 399 560 quoque
419 483 484 542 esse
504 483 536 541 in
557 492 678 542 cotum
699 493 842 555 ternpore,
864 480 913 540 cui
935 482 1012 541 male
1031 481 1126 558 possit
1174 503 1176 518 ⁵

193 579 339 640 Accidere.
384 580 421 638 Id
443 576 584 655 quoniam
606 597 686 638 mors
707 578 816 651 eximit,
839 597 962 654 esseque
981 581 1087 655 probet

192 678 276 736 illum
297 675 346 736 cui
366 675 482 753 possint
502 675 693 736 incommoda
714 674 874 746 conciliari,
966 750 970 759 ,
998 676 1000 679 ’
1122 680 1178 752 865

192 772 266 833 Scire
287 770 357 832 licet
377 771 462 830 nobis
484 770 525 829 nil
546 788 611 830 esse
631 771 662 829 in
683 781 779 832 morte
801 770 975 843 timendum,

192 872 253 929 Nec
274 868 414 929 miserum
434 867 496 928 fieri
517 867 567 944 qui
588 887 649 928 non
670 879 715 928 est
735 887 832 944 posse,
855 888 952 945 neque
973 869 1065 928 hilum

192 967 312 1027 Differre
333 986 372 1026 an
393 968 474 1026 nullo
494 965 581 1026 fuerit
601 966 660 1024 iam
681 977 816 1043 tempore
838 977 934 1038 natus,
995 967 997 970 ⁴

191 1068 347 1125 Mortalem
368 1064 459 1123 vitam
480 1084 558 1124 mors
579 1083 648 1122 cum
669 1063 833 1124 inmortalis
854 1062 973 1124 ademit.

228 1161 358 1221 Proinde
375 1159 427 1219 ubi
446 1179 477 1219 se
496 1159 598 1220 videas
617 1159 770 1220 hominem
789 1159 968 1236 indignarier
985 1158 1091 1237 ipsum,
1122 1163 1181 1235 870

190 1263 259 1320 Post
280 1268 405 1319 mortem
426 1259 489 1316 sore
511 1268 542 1316 ut
562 1268 612 1316 aut
632 1268 770 1333 putescat
790 1277 915 1334 corpore
935 1268 1023 1334 posto

189 1362 247 1418 Aut
267 1356 394 1417 flammis
415 1355 541 1416 interfiat
563 1356 684 1416 malisve
705 1357 840 1429 seramm,

190 1453 267 1519 Scire
287 1452 357 1513 licet
378 1472 438 1512 non
459 1454 605 1511 sincerum
626 1470 740 1522 sonere,
763 1464 852 1528 atque
873 1453 994 1512 subesse

190 1553 320 1612 Caecum
342 1549 468 1625 aliquem
489 1548 572 1608 cordi
593 1549 751 1620 stimulum,
773 1548 908 1625 quamvis
928 1560 1014 1626 neget
1034 1549 1098 1626 ipse

190 1646 317 1707 Credere
332 1665 363 1705 se
377 1664 557 1722 quemquam
572 1644 627 1704 sibi
643 1665 763 1704 sensum
780 1645 810 1703 in
828 1657 924 1705 morte
940 1648 1076 1705 futurum.
1120 1650 1175 1723 875
1221 1685 1265 1746 x

189 1745 266 1816 Non,
289 1754 323 1802 ut
343 1741 456 1818 opinor,
478 1741 558 1802 enirn
580 1743 630 1802 dat
651 1744 732 1819 quod
754 1743 898 1818 promittit
919 1754 949 1803 et
969 1745 1058 1818 unde,

190 1842 253 1899 Nec
274 1835 412 1899 radicitus
430 1859 446 1898 e
466 1838 526 1898 vita
546 1858 578 1898 se
599 1838 675 1898 tollit
696 1850 726 1899 et
747 1838 824 1914 eicit,

188 1937 244 1997 Sed
265 1937 336 1996 facit
356 1955 420 1996 esse
441 1934 486 1995 sui
507 1935 649 2012 quiddam
670 1954 758 2011 super
778 1935 888 1996 inscius
908 1935 980 2013 ipse.

188 2035 281 2093 Vivus
303 2033 383 2094 enim
405 2031 460 2093 sibi
481 2051 549 2092 cum
570 2032 713 2108 proponit
733 2032 857 2110 quisque
877 2035 1015 2108 futurum,

189 2133 303 2207 Corpus
325 2129 367 2189 uti
389 2131 521 2189 volucres
542 2131 672 2190 lacerent
691 2129 723 2189 in
744 2142 838 2191 morte
859 2133 1003 2207 feraeque,
1119 2134 1178 2189 880

189 2227 258 2302 Ipse
280 2225 324 2284 sui
345 2223 479 2299 miseret,
500 2244 597 2300 neque
619 2224 698 2285 enim
720 2243 752 2284 se
773 2224 878 2284 dividit
899 2225 971 2284 illim

189 2327 253 2384 Nec
273 2334 405 2384 removet
426 2323 495 2383 satis
516 2343 534 2382 a
554 2322 686 2400 proiecto
707 2343 839 2399 corpore,
860 2334 893 2383 et
910 2322 992 2382 illum

188 2421 225 2479 Se
245 2418 328 2495 fingit
349 2437 497 2494 sensuque
518 2438 573 2479 suo
594 2417 776 2479 contaminat
797 2432 903 2480 astans.

189 2517 271 2577 Hinc
292 2515 462 2592 indignatur
481 2535 513 2575 se
534 2518 689 2576 mortalem
711 2536 775 2576 esse
794 2528 933 2588 creatum,

188 2616 253 2673 Nec
274 2612 355 2672 videt
376 2612 407 2671 in
425 2632 493 2672 vera
515 2615 628 2672 nullum
650 2614 712 2672 fore
733 2624 829 2672 morte
850 2613 940 2672 alium
963 2631 1003 2685 se,
1069 2671 1072 2678 ,
1120 2615 1176 2689 885

189 2709 247 2786 Qui
268 2709 362 2787 possit
382 2708 465 2768 vivus
486 2709 542 2768 sibi
563 2729 595 2768 se
616 2711 715 2786 lugere
735 2721 922 2786 peremptum

189 2811 334 2882 Stansque
355 2806 501 2866 iacentem
522 2826 554 2866 se
575 2806 695 2866 lacerari
717 2806 798 2868 urive
820 2806 928 2866 dolere.

189 2907 272 2963 Nam
289 2903 314 2963 si
333 2901 365 2961 in
385 2915 480 2963 morte
501 2904 639 2962 malumst
660 2902 746 2961 malis
766 2921 927 2978 morsuque
947 2907 1072 2961 terarum

187 2998 327 3070 Tractari,
339 3016 410 3057 non
431 2998 551 3057 invenio
569 2997 619 3073 qui
640 3017 701 3058 non
722 2997 760 3056 sit
780 3000 919 3057 acerbum

189 3097 313 3174 Ignibus
333 3094 494 3171 inpositum
515 3094 618 3154 calidis
639 3106 799 3154 torrescere
821 3094 954 3165 flammis,
1122 3098 1180 3169 890

189 3196 247 3252 Aut
268 3190 299 3248 in
320 3192 407 3248 melle
428 3190 517 3248 situm
539 3189 684 3262 suffocari,
707 3201 796 3266 atque
818 3189 910 3266 rigere

190 3287 314 3363 Frigore,
337 3303 405 3344 cum
426 3304 543 3345 summo
562 3284 652 3361 gelidi
673 3287 764 3345 cubat
783 3304 913 3361 aequore
935 3282 1002 3356 saxi,

189 3381 331 3456 Urgerive
352 3398 477 3455 superne
498 3381 637 3439 obtritum
662 3382 796 3456 pondere
817 3393 918 3440 terrae.

229 3478 312 3533 ‘lam
332 3472 391 3539 iam
413 3492 474 3533 non
495 3476 601 3534 domus
622 3475 747 3553 accipiet
768 3488 798 3535 te
819 3478 898 3535 laeta
917 3494 1017 3550 neque
1034 3494 1109 3533 uxor

221 3602 270 3650 868
301 3616 333 3649 an
344 3603 414 3652 nullo
426 3605 578 3658 Fontanus:
597 3607 707 3659 annullo
717 3609 774 3658 and
784 3605 875 3657 anullo
890 3605 989 3655 MSS:
1003 3594 1143 3648 menno
1153 3591 1187 3636 M
