2784 4142
249 330 300 378 ¹20
590 329 621 378 Τ.
645 327 807 380 LUCRETI
830 328 917 379 CARI

255 474 366 534 Verum
388 475 512 533 deficere
533 473 564 533 in
585 484 665 533 certa
684 473 804 550 regione
824 476 971 550 locatam;

256 573 300 632 Ut
319 589 423 630 sensus
443 572 517 630 alios
537 571 568 630 in
588 570 663 647 parti
684 591 833 650 quemque
853 593 907 633 sua
927 574 982 634 scit

258 667 394 728 Dissolui.
438 669 528 744 Quod
549 668 574 730 si
594 667 757 729 inmortalis
777 679 878 730 nostra
897 672 972 731 soret
992 691 1085 746 mens,

258 766 327 824 Non
348 776 409 824 tam
429 783 461 824 se
483 763 609 825 moriens
630 764 751 824 dissolvi
772 777 1007 842 conquereretur,

258 863 317 922 Sed
337 860 428 937 magis
449 860 491 922 ire
512 864 589 922 foras
610 872 784 937 vestemque
804 861 978 938 relinquere,
1000 873 1033 923 ut
1053 862 1163 941 anguis.

299 958 437 1035 Denique
458 978 511 1018 cur
531 956 622 1017 animi
643 976 806 1032 numquam
828 976 913 1016 mens
933 958 1149 1036 consiliumque
1190 963 1234 1034 615

259 1053 394 1130 Gignitur
413 1052 444 1114 in
465 1053 564 1131 capite
584 1066 636 1114 aut
657 1055 784 1130 pedibus
806 1054 987 1126 manibusve,
1010 1057 1064 1115 sed
1085 1055 1149 1115 unis

258 1150 382 1211 Sedibus
403 1163 432 1212 et
453 1152 539 1213 certis
560 1151 729 1229 regionibus
750 1151 889 1211 omnibus
909 1154 1018 1226 haeret,

259 1247 370 1308 Sinon
392 1260 473 1312 certa
492 1251 559 1309 loca
578 1250 617 1308 ad
639 1249 823 1308 nascendum
844 1249 959 1308 reddita
980 1248 1090 1328 cuique

259 1347 342 1416 Sunt,
364 1357 394 1404 et
415 1343 465 1405 ubi
487 1343 628 1421 quicquid
649 1344 743 1422 possit
764 1345 869 1404 durare
891 1356 1031 1418 creatum,

259 1444 359 1516 Atque
379 1440 421 1500 ita
441 1441 625 1502 multimodis
645 1441 760 1519 partitis
782 1445 904 1501 artubus
924 1461 998 1515 esse,
1190 1447 1234 1503 620

261 1538 465 1597 Membrorum
486 1548 519 1598 ut
539 1557 701 1615 numquam
724 1537 829 1597 existat
848 1549 1056 1616 praeposterus
1077 1542 1171 1600 ordo?

260 1637 365 1712 Usque
385 1635 462 1695 adeo
483 1636 615 1712 sequitur
634 1655 680 1695 res
701 1655 772 1708 rem,
795 1653 892 1709 neque
914 1636 1032 1695 flamma
1053 1638 1143 1698 creari

261 1731 445 1793 Fluminibus
467 1732 580 1793 solitast
601 1751 699 1807 neque
720 1733 750 1790 in
771 1731 832 1808 igni
852 1731 964 1810 gignier
984 1735 1073 1810 algor.
1119 1766 1122 1770 ·

275 1904 277 1908 .
300 1832 454 1890 Praeterea
475 1831 499 1891 si
518 1829 681 1890 inmortalis
702 1841 807 1888 natura
827 1829 965 1890 animaist

260 1923 299 1981 Et
320 1921 427 1982 sentire
448 1933 546 1999 potest
567 1933 679 1982 secreta
699 1941 717 1980 a
737 1940 860 1998 corpore
882 1933 991 1994 nostro,
1191 1926 1235 1998 625

261 2019 409 2097 Quinque,
431 2031 462 2078 ut
483 2018 597 2096 opinor,
621 2038 686 2078 earn
708 2019 879 2079 iaciendum
904 2031 949 2079 est
969 2019 1103 2080 sensibus
1125 2032 1234 2080 auctam.

261 2119 326 2176 Nec
346 2117 460 2178 ratione
481 2117 539 2177 alia
559 2126 676 2176 nosmet
698 2134 864 2192 proponere
886 2117 973 2176 nobis

261 2215 420 2274 Possumus
441 2214 569 2275 infernas
590 2213 704 2273 animas
724 2215 895 2273 Acherunte
915 2213 1022 2290 vagari.

261 2309 390 2370 Pictores
411 2311 509 2390 itaque
531 2323 560 2371 et
581 2311 757 2386 scriptorum
778 2312 876 2370 saecla
896 2309 994 2385 priora

260 2406 307 2466 Sic
327 2407 440 2467 animas
461 2408 539 2467 intro
554 2409 708 2467 duxerunt
729 2406 863 2466 sensibus
884 2418 994 2466 auctas.
1191 2412 1237 2483 630

260 2506 300 2561 At
321 2522 418 2579 neque
438 2523 551 2564 sorsum
573 2503 651 2563 oculi
674 2521 772 2579 neque
792 2522 878 2561 nares
899 2521 954 2562 nec
976 2522 1082 2562 manus
1103 2503 1165 2581 ipsa

262 2602 334 2659 Esse
355 2611 454 2676 potest
475 2602 592 2661 animae
612 2620 711 2677 neque
732 2618 846 2659 sorsum
868 2599 976 2676 lingua,
1000 2618 1212 2676 nequeamus,

262 2697 355 2755 Haud
375 2694 461 2772 igitur
480 2716 534 2776 per
554 2715 586 2756 se
606 2705 731 2773 possunt
752 2694 860 2756 sentire
881 2714 979 2771 neque
999 2714 1072 2755 esse.

301 2795 340 2851 Et
360 2793 500 2870 quoniam
522 2803 585 2853 toto
607 2791 750 2852 sentimus
771 2811 894 2869 corpore
915 2791 1012 2852 inesse

261 2890 388 2950 Vitalem
410 2910 538 2959 sensum,
560 2900 589 2949 et
610 2901 707 2950 totum
729 2908 793 2950 esse
814 2888 942 2948 animale
962 2886 1105 2963 videmus,
1192 2892 1236 2965 635

261 2986 290 3047 Si
312 2987 410 3047 subito
431 2986 562 3047 medium
584 2985 671 3046 celeri
692 2985 869 3063 praeciderit
889 2986 950 3044 ictu

260 3084 314 3142 Vis
335 3083 441 3160 aliqua,
463 3094 496 3143 ut
517 3103 629 3143 sorsum
651 3094 766 3160 partem
787 3092 921 3141 secernat
942 3092 1105 3158 utramque,

263 3180 423 3257 Dispertita
443 3181 546 3256 procul
568 3179 660 3239 dubio
682 3198 802 3255 quoque
823 3177 865 3239 vis
886 3177 995 3238 animai

308 3335 381 3397 Afler
390 3335 438 3400 619
449 3335 486 3384 M
491 3342 602 3398 supposes
611 3349 674 3382 some
685 3349 762 3382 verses
772 3334 825 3389 lost,
837 3334 896 3380 such
908 3349 936 3381 ar
951 3333 1053 3382 Certum
1064 3350 1095 3382 uc
1106 3335 1243 3400 dispositum

260 3423 362 3465 naturae
380 3416 471 3480 legibu’
488 3424 593 3464 constat.
637 3415 696 3461 Hoc
715 3413 768 3462 fieri
790 3422 902 3462 nostrum
924 3429 1024 3478 quoque
1044 3430 1136 3478 corpus
1157 3416 1244 3465 foedere

247 3493 333 3551 debet,
454 3494 511 3557 632,
530 3493 578 3558 ⁶33
613 3508 700 3552 aures;
717 3493 796 3541 Haud
806 3493 879 3556 igitur
892 3494 928 3540 L:
944 3509 1015 3542 aures
1027 3495 1149 3545 Auditum
1160 3497 1244 3545 MSS.:

229 3581 309 3641 autes
318 3573 420 3622 Audito
439 3578 478 3625 M
