2784 4142
389 347 439 396 DE
461 347 593 398 RERUM
617 347 773 400 NATURA
796 349 906 400 LIBER
930 352 981 401 111.

189 493 226 550 Et
246 490 344 568 nigras
365 502 497 552 mactant
518 494 648 568 pecudes
669 504 699 553 et
720 492 851 553 manibu’
872 495 947 556 divis

189 589 312 648 Inferias
333 589 461 659 mittunt,
484 590 637 664 multoque
658 588 689 646 in
711 591 799 649 rebus
819 592 934 650 acerbis

187 684 291 743 Acrius
313 684 469 743 advertunt
490 683 606 744 animos
628 686 666 744 ad
687 684 869 761 religionem.

187 784 256 858 Quo
276 779 370 856 magis
390 779 422 839 in
442 779 539 840 dubiis
560 781 712 841 hominem
734 793 867 859 spectare
888 782 1003 860 periclis

187 878 338 937 Convenit
358 876 548 953 adversisque
568 877 599 937 in
619 879 708 939 rebus
729 898 852 939 noscere
873 881 924 956 qui
946 881 982 940 sit
992 903 1001 954 ;

187 977 266 1034 Nam
287 993 373 1037 verae
393 993 481 1033 voces
502 985 566 1033 tum
588 975 710 1034 demum
732 986 853 1052 pectore
873 976 911 1035 ab
932 976 994 1035 imo

187 1069 360 1143 Eliciuntur‚
382 1079 412 1130 et
433 1069 553 1146 eripitur
573 1089 709 1147 persona,
732 1083 832 1131 manet
852 1091 906 1131 res.

186 1167 326 1243 Denique
346 1165 481 1226 avarities
502 1177 532 1227 et
552 1168 699 1228 honorum
720 1188 810 1228 caeca
830 1167 949 1244 cupido,

186 1266 272 1340 Quae
293 1263 416 1324 miseros
437 1265 572 1324 homines
594 1276 704 1342 cogunt
725 1267 934 1324 transceudere
955 1267 1028 1324 fines

186 1362 270 1437 Iuris¹
294 1373 324 1423 et
344 1361 493 1421 interdum
514 1361 612 1421 socios
633 1364 776 1421 scelerum
797 1355 887 1439 atque
908 1361 1055 1421 ministros

185 1462 300 1520 Noctes
321 1471 410 1535 atque
431 1458 495 1519 dies
515 1457 570 1517 niti
590 1470 759 1535 praestante
780 1460 881 1519 labore

185 1560 235 1618 Ad
255 1575 386 1618 summas
407 1575 555 1632 emergere
576 1575 659 1632 opes
681 1557 756 1616 haec
776 1558 897 1616 vulnera
917 1555 995 1616 vitae

185 1657 258 1715 Non
278 1651 432 1713 minimam
453 1663 567 1728 partem
590 1651 691 1711 mortis
713 1651 870 1713 formidine
891 1654 1015 1712 aluntur.

184 1751 293 1827 Turpis
315 1748 395 1809 enim
415 1749 508 1809 ferme
528 1759 718 1825 contemptus
740 1759 768 1809 et
789 1748 864 1808 acris
885 1759 999 1824 egestas

185 1848 307 1906 Sernota
327 1846 366 1905 ab
387 1844 467 1906 dulci
487 1845 547 1905 vita
567 1844 725 1923 stabilique
745 1845 884 1909 videntur

185 1948 226 2004 Et
245 1944 330 2021 quasi
350 1929 409 2003 iam
430 1943 481 2004 leti
503 1953 603 2019 portas
623 1942 787 2003 cunctarier
806 1953 896 2017 ante3

185 2042 279 2102 Unde
298 2040 435 2100 homines
455 2041 527 2100 dum
548 2058 581 2100 se
602 2041 676 2098 falso
697 2051 805 2101 terrore
827 2041 923 2099 coacti

185 2136 330 2215 Effugisse
350 2138 455 2196 volunt
475 2137 564 2211 longe
585 2121 734 2213 longeque
754 2154 894 2207 remosse,

184 2233 335 2312 Sanguine
356 2233 433 2294 civili
453 2253 515 2293 rem
537 2232 669 2292 conflant
689 2231 867 2310 divitiasque

184 2329 409 2406 Conduplicant
429 2328 515 2402 avidi,
537 2329 660 2388 caedem
683 2329 776 2388 caede
796 2330 1035 2402 accumulantes;

184 2427 329 2488 Crudeles
350 2426 482 2503 gaudent
502 2424 533 2484 in
554 2424 629 2484 tristi
649 2425 752 2484 sunere
772 2424 867 2484 fratris

185 2527 226 2584 Et
246 2522 500 2600 consanguineum
521 2541 638 2581 mensas
659 2522 750 2582 odere
770 2521 942 2598 timentque.

185 2619 342 2681 Consimili
363 2619 477 2678 ratione
497 2620 536 2679 ab
558 2619 666 2678 eodem
688 2638 777 2695 saepe
799 2618 904 2679 timore

186 2718 320 2776 Macerat
340 2714 459 2774 invidia.
501 2718 581 2774 Ante
602 2715 706 2774 oculos
727 2715 809 2774 illum
831 2734 896 2777 esse
916 2726 1080 2793 potentem,
1142 2733 1177 2791 75

185 2813 278 2872 Illum
298 2811 450 2888 aspectari,
473 2813 552 2872 claro
574 2810 625 2888 qui
645 2811 757 2872 incedit
777 2814 898 2886 honore,

186 2909 249 2986 lpsi
271 2928 303 2969 se
323 2908 355 2967 iu
376 2908 504 2969 tenebris
525 2909 604 2969 volvi
624 2929 780 2986 caenoque
801 2924 968 2987 queruntur.

186 3006 342 3064 Intereunt
362 3006 468 3080 partim
489 3015 650 3064 statuarum
674 3017 704 3065 et
725 3005 853 3067 nominis
875 3026 951 3085 ergo.

185 3102 226 3159 Et
246 3118 336 3176 saepe
357 3117 451 3174 usque
472 3102 557 3173 adeo,
579 3100 682 3159 mortis
703 3102 868 3176 formidine,
890 3104 967 3165 vitae

187 3195 319 3270 Percipit
340 3196 485 3255 humanos
507 3197 610 3255 odium
631 3195 764 3275 lucisque
784 3199 940 3272 videndae,
1142 3205 1180 3260 80

185 3295 230 3352 Ut
251 3290 307 3351 sibi
328 3291 514 3351 consciscant
534 3293 677 3352 maerenti
697 3307 819 3371 pectore
838 3299 939 3368 letum,

235 3447 267 3510 58
300 3445 439 3495 Eliciuntur
458 3448 554 3495 MSS„-
573 3447 705 3497 Eiciuntur
722 3451 759 3497 M
885 3452 960 3515 After
978 3453 1008 3500 82
1026 3454 1062 3501 M
1074 3460 1182 3516 supposes

185 3544 203 3577 a
220 3543 286 3576 verse
304 3534 329 3576 to
346 3527 375 3576 be
389 3527 440 3590 lost,
461 3528 522 3576 such
540 3545 570 3578 as
585 3529 637 3596 Qui
654 3529 762 3584 miseros
778 3531 899 3583 bosn'mes
914 3547 1012 3597 cogens
1024 3534 1110 3580 seems
1122 3543 1203 3574 osone,

175 3616 277 3670 patrare

1084 3694 1173 3743 1-—2
