2784 4142
193 330 211 390 8
523 337 554 386 T.
579 336 740 388 LUCRETI
764 337 850 388 CARI

192 487 289 559 Quam
310 483 391 544 tenui
411 494 527 545 constet
547 479 675 558 textura,
693 503 842 561 quamque
862 486 931 546 loco
952 507 984 547 se

192 581 352 643 Contineat
371 600 471 657 parvo,
493 580 516 640 si
537 580 631 657 possit
652 581 875 656 conglomerati,

193 679 281 752 Quod
302 678 389 737 simul
410 689 498 754 atque
519 678 672 738 hominem
693 678 744 738 leti
765 698 868 739 secura
888 679 972 756 quies
993 694 1038 741 est

194 775 328 849 Indepta,
352 785 441 849 atque
461 773 553 833 animi
574 785 678 833 natura
699 774 875 850 animaeque
896 775 1024 846 recessit,

193 868 244 928 Nil
263 868 305 929 ibi
325 868 449 929 libatum
471 870 510 930 de
530 878 595 929 toto
616 889 740 946 corpore
761 889 864 930 cernas

192 966 241 1026 Ad
261 967 399 1043 speciem,
421 967 462 1025 nil
483 968 522 1026 ad
542 969 682 1043 pondus:
704 985 784 1026 mors
804 968 906 1027 omnia
926 978 1055 1045 praestat

193 1062 320 1123 Vitalem
341 1074 457 1141 praeter
476 1082 596 1124 sensum
618 1063 808 1138 calidumque
829 1083 977 1141 vaporem.

195 1162 272 1237 Ergo
292 1160 421 1218 animam
443 1169 535 1219 totam
557 1159 706 1236 perparvis
728 1179 792 1219 esse
813 1173 964 1220 necessest

194 1255 367 1328 Seminibus,
391 1276 497 1316 nexam
518 1277 570 1334 per
591 1275 690 1329 venas,
713 1256 832 1328 viscera,
855 1277 979 1331 nervos3
1002 1275 1006 1278 ·

195 1354 357 1428 Quatenus,
380 1353 477 1413 omnis
498 1353 549 1414 ubi
571 1372 587 1412 e
610 1364 672 1412 toto
693 1352 752 1411 iam
773 1373 898 1432 corpore
919 1356 1016 1429 cessit,

195 1451 311 1512 Extima
328 1455 531 1514 membrorum
552 1453 785 1513 circumcaesura
805 1464 906 1514 tamen
927 1475 959 1515 se

196 1551 379 1610 Incolumem
401 1561 538 1627 praestat,
561 1568 619 1609 nec
639 1551 711 1609 defit
732 1551 873 1627 ponderis
890 1551 995 1612 hilum.

195 1646 285 1720 Quod
304 1665 398 1722 genus
418 1657 470 1719 est,
494 1644 604 1706 Bacchi
625 1665 693 1705 cum
715 1647 769 1707 flos
791 1647 917 1720 evanuit,
939 1660 1080 1708 autenm

195 1740 317 1818 Spiritus
337 1741 479 1819 unguenti
500 1742 596 1802 suavis
617 1743 731 1819 diffugit
753 1743 898 1817 inauras,

196 1839 256 1895 Aut
276 1836 375 1913 aliquo
396 1835 544 1897 cumiani
565 1857 652 1896 sucus
674 1839 712 1897 de
737 1858 862 1915 corpore
882 1842 988 1915 cessit;

197 1933 247 1990 Nil
268 1933 362 1992 oculis
383 1945 483 1993 tamen
506 1953 570 1993 esse
592 1935 688 1992 minor
709 1954 755 1994 res
777 1935 840 2011 ipsa
860 1935 976 1995 videtur

197 2031 363 2103 Propterea,
386 2046 485 2103 neque
506 2030 671 2089 detractum
692 2030 731 2089 de
752 2031 886 2107 pondere
906 2031 1074 2107 quicquam,
1131 2047 1183 2106 ²²5

198 2123 344 2183 Nimirum
364 2124 434 2200 quia
454 2127 547 2204 multa
568 2125 743 2203 minutaque
764 2127 878 2187 semina
898 2147 985 2187 sucos

196 2221 336 2280 Efficiunt
358 2233 387 2281 et
408 2222 530 2281 odorem
551 2221 582 2281 in
604 2233 668 2283 toto
689 2242 813 2300 corpore
834 2242 938 2283 rerum.

198 2322 297 2395 Quare
317 2317 406 2378 etiam
427 2328 516 2394 atque
537 2318 626 2378 etiam
648 2318 755 2378 mentis
777 2331 912 2378 naturam
933 2319 1109 2395 animaeque

198 2415 277 2475 Scire
297 2414 365 2474 licet
386 2433 530 2491 perquam
552 2415 688 2492 pauxillis
710 2434 775 2475 esse
795 2427 923 2475 creatam

198 2512 373 2585 Seminibus,
396 2512 538 2588 quoniam
559 2512 675 2589 fugiens
695 2512 737 2572 uil
759 2512 900 2589 ponderis
921 2516 1021 2573 aufert.
1133 2533 1147 2569 2
1152 2532 1189 2587 30

238 2613 303 2669 Nec
325 2621 424 2668 tamen
446 2611 520 2669 haec
541 2609 664 2686 simplex
687 2610 774 2669 nobis
795 2622 899 2670 natura
918 2610 1052 2686 putanda
1073 2621 1124 2668 est.

197 2706 308 2766 Tenvis
329 2704 408 2765 enim
429 2706 575 2780 quaedam
597 2704 792 2764 moribundos
815 2705 923 2764 deserit
943 2723 1013 2775 aura

199 2802 294 2861 Mixta
315 2820 433 2875 vapore,
455 2820 547 2876 vapor
571 2821 660 2877 porro
681 2800 769 2862 trahit
790 2820 858 2860 aera
879 2820 988 2859 secum.
1032 2845 1037 2851 .

200 2903 265 2958 Nec
285 2899 366 2978 calpr
386 2909 430 2957 est
450 2897 615 2975 quisquam,
637 2897 686 2957 cui
707 2916 768 2956 non
790 2899 827 2956 sit
849 2897 955 2956 mixtus
978 2907 1006 2954 et
1027 2916 1085 2955 aer.

200 2998 278 3054 Rara
298 2996 379 3071 quod
402 2993 463 3053 eius
484 2994 563 3054 enim
586 3005 702 3054 constat
724 3007 834 3065 natura,
858 3004 1007 3053 necessest
1133 3010 1189 3068 235

199 3092 283 3152 Aeris
303 3090 378 3149 inter
397 3110 465 3150 eum
487 3089 648 3165 primordia
668 3092 762 3149 multa
782 3090 901 3150 moveri.

200 3188 265 3246 Iam
287 3187 392 3262 triplex
414 3184 504 3245 animi
525 3198 569 3245 est
591 3185 676 3261 igitur
696 3198 800 3244 natura
820 3197 952 3262 reperta;

201 3286 266 3342 Nec
287 3295 386 3341 tamen
407 3282 481 3340 haec
502 3294 546 3340 sat
567 3292 635 3340 sunt
656 3283 694 3340 ad
716 3301 834 3341 sensum
856 3292 964 3339 cuncta
983 3280 1154 3350 creandum,

201 3381 251 3441 Nil
272 3382 375 3438 horum
398 3378 538 3454 quoniam
559 3377 661 3454 recipit
682 3397 767 3437 mens
787 3396 875 3455 posse
897 3395 994 3434 creare

516 3601 563 3655 ⁹³9
599 3601 671 3637 mens
683 3585 780 3636 MSS:
797 3599 840 3633 res
852 3582 884 3631 Μ

536 3814 658 3850 Α
