2784 4142
410 386 460 434 DE
485 386 617 435 RERUM
642 387 798 438 NATURA
821 387 932 437 LIBER
956 388 1007 439 111.
1187 383 1203 452 5

211 532 365 590 Praeterea
386 531 468 591 molli
489 552 557 590 cum
579 551 686 591 somno
709 532 812 592 dedita
833 534 966 593 membra

209 629 404 704 Effusumque
425 627 502 689 iacet
523 628 586 690 sine
609 649 696 688 sensu
718 649 825 706 corpus
847 642 997 702 onustum,

208 725 261 782 Est
281 723 362 783 aliud
385 724 536 783 tamenin
558 725 653 796 nobis,
676 727 760 802 quod
782 737 915 803 tempore
937 728 966 785 in
988 728 1057 788 illo.

208 821 396 882 Multimodis
417 821 544 899 agitatur
564 836 594 883 et
616 812 713 883 omnis
734 804 842 900 accipit
863 825 894 882 in
916 844 947 884 se
1149 846 1202 902 115

207 919 352 979 Laetitiae
372 932 470 979 motus
492 932 521 980 et
542 940 625 979 curas
647 921 745 980 cordis
766 921 872 981 inanis.

207 1019 297 1077 Nunc
318 1016 449 1076 animam
471 1036 591 1094 quoque
613 1029 644 1077 ut
665 1019 696 1076 in
718 1020 858 1079 membris
879 1039 1059 1096 cognoscere
1080 1019 1175 1096 possis

206 1115 288 1187 Esse,
311 1133 410 1190 neque
430 1113 584 1173 harmonia
605 1134 713 1192 corpus
734 1115 843 1175 sentire
864 1119 967 1188 solere,

207 1210 357 1289 Principio
378 1213 411 1271 fit
430 1211 474 1271 uti
495 1213 628 1271 detracto
650 1232 775 1289 corpore
797 1215 891 1273 multo

205 1312 300 1387 Saepe
322 1321 423 1369 tamen
444 1309 531 1369 nobis
553 1311 583 1368 in
605 1310 745 1370 membris
766 1308 826 1370 vita
846 1321 994 1384 moretur3
1147 1332 1202 1370 120

205 1411 305 1486 Atque
327 1408 432 1467 eadem
453 1427 576 1479 rursum,
598 1428 666 1467 cum
688 1428 813 1484 corpora
833 1427 929 1485 pauca
950 1409 1053 1468 caloris

206 1505 358 1582 Diffugere
378 1506 515 1580 forasque
535 1524 588 1582 per
609 1525 642 1564 os
664 1517 708 1564 est
730 1505 827 1564 editus
848 1525 905 1578 aer,
977 1550 981 1558 .

206 1601 324 1660 Deserit
346 1602 495 1676 extemplo
517 1618 606 1658 venas
627 1611 717 1676 atque
738 1619 806 1660 ossa
827 1600 984 1676 relinquit;

204 1700 339 1758 Noscere
360 1709 393 1756 ut
414 1697 484 1755 hinc
504 1695 600 1773 possis
621 1717 683 1756 non
704 1717 814 1774 aequas
836 1698 937 1757 omnia
957 1698 1047 1775 partis
1119 1778 1120 1782 Ἰ

204 1797 339 1872 Corpora
358 1795 466 1854 habere
487 1812 585 1870 neque
606 1813 642 1853 ex
662 1813 760 1870 aequo
781 1794 882 1855 fulcire
903 1795 1036 1866 salutern,
1088 1802 1091 1806 “
1145 1816 1198 1874 125
1239 1808 1245 1821 ‘

203 1895 262 1954 Sed
283 1892 378 1968 magis
399 1892 481 1962 haec,
504 1891 584 1951 venti
605 1911 681 1967 quae
703 1903 772 1950 sunt
793 1892 942 1969 calidique
962 1892 1079 1969 vaporis

203 1992 332 2064 Semina,
355 2010 455 2050 curare
476 1990 507 2048 in
528 1989 668 2049 membris
690 2001 723 2048 ut
744 1990 804 2051 vita
825 2003 963 2051 moretur.

204 2093 258 2149 Est
278 2089 367 2166 igitur
388 2089 468 2147 calor
488 2107 523 2146 ac
546 2099 650 2146 ventus
673 2087 769 2147 vitalis
790 2088 821 2146 in
842 2088 908 2164 ipso

204 2188 348 2262 Corpore,
371 2185 422 2261 qui
442 2183 528 2244 nobis
550 2183 745 2244 moribundos
766 2184 876 2244 deserit
896 2196 985 2245 artus.

203 2286 394 2360 Quapropter
414 2282 556 2359 quoniam
578 2294 622 2342 est
642 2281 733 2341 animi
755 2293 858 2342 natura
878 2293 994 2359 reperta
1145 2304 1201 2358 130

202 2384 303 2458 Atque
324 2378 440 2439 animae
460 2378 542 2455 quasi
563 2397 630 2454 pars
651 2376 789 2451 hominis,
811 2380 903 2438 redde
924 2377 1089 2438 harmoniai

203 2479 335 2547 Nomen,
357 2476 396 2534 ad
417 2474 569 2552 organicos
590 2476 650 2533 alto
671 2475 804 2533 delatum
826 2474 969 2534 Heliconi
979 2495 988 2546 ;

202 2575 270 2636 Sive
291 2573 412 2633 aliunde
433 2571 489 2649 ipsi
509 2591 598 2648 porro
620 2582 733 2631 traxere
755 2583 783 2630 et
805 2570 835 2629 in
856 2571 936 2630 illam

201 2672 438 2740 Transtulerunt‚
460 2668 580 2745 proprio
600 2687 677 2745 quae
699 2679 763 2727 tum
784 2687 830 2727 res
851 2667 972 2727 nomine
994 2668 1106 2743 egebat.

203 2765 360 2843 Quidquid
380 2764 411 2824 id
432 2777 486 2837 est,
508 2767 655 2825 habeant:
677 2776 710 2824 tu
731 2778 829 2823 cetera
850 2764 970 2841 percipe
991 2763 1078 2824 dicta.
1146 2784 1198 2842 135

244 2867 334 2924 Nunc
355 2863 486 2921 animum
507 2874 597 2939 atque
617 2862 747 2921 animam
769 2863 836 2920 dico
858 2861 1018 2922 coniuncta
1039 2863 1130 2923 teneri

203 2965 286 3023 Inter
307 2982 339 3021 se
360 2972 449 3037 atque
470 2979 561 3018 unam
582 2970 716 3018 naturam
737 2960 883 3018 conficere
904 2978 942 3018 ex
961 2978 1002 3030 se,

203 3060 264 3119 Sed
287 3068 377 3135 caput
398 3077 462 3117 esse
483 3056 568 3135 quasi
589 3068 619 3116 et
640 3055 787 3116 dominari
809 3055 839 3114 in
861 3075 985 3132 corpore
1006 3067 1070 3116 toto

202 3154 379 3226 Consilium,
402 3156 484 3232 quod
504 3174 561 3215 nos
582 3155 714 3214 animum
736 3165 929 3228 mentemque
949 3173 1096 3213 vocamus.

203 3256 300 3331 quue
322 3255 409 3312 situm
432 3252 530 3314 media
550 3252 670 3329 regione
691 3251 722 3310 in
742 3251 871 3328 pectoris
891 3254 1000 3312 haeret.
1144 3275 1198 3326 140
1258 3324 1260 3329 Ι

203 3352 264 3410 Hic
287 3352 398 3410 exultat
418 3350 497 3410 enirn
519 3370 610 3428 pavor
631 3370 667 3408 ac
688 3361 793 3420 metus,
816 3352 890 3408 haec
912 3350 978 3409 loca
999 3348 1108 3408 circum

202 3443 346 3505 Laetitiae
367 3446 498 3504 mulcent
508 3466 517 3518 3
538 3443 586 3503 hic
606 3463 676 3520 ergo
698 3463 782 3503 mens
803 3442 1014 3520 animusquest.

201 3544 306 3603 Cetera
323 3560 395 3616 pars
413 3539 533 3602 animae
553 3561 609 3620 per
630 3551 732 3605 totum
753 3539 861 3606 dissita
881 3560 998 3619 corpus

189 3639 280 3708 Paret,
306 3647 338 3694 et
356 3639 398 3696 ad
417 3657 538 3704 numen
560 3645 684 3709 mentis
705 3663 912 3724 momenque
931 3648 1092 3702 mouetur·
