2784 4142
400 379 449 426 nu
473 376 607 427 annun
632 362 788 426 uarum
812 371 923 425 murm
946 374 996 423 111.
1155 375 1194 436 27

194 527 295 601 Quam
317 524 441 583 mortale
462 522 545 598 quod
566 533 612 581 est
633 518 781 580 inmortali
803 531 894 596 atque
915 519 1039 596 perenni

195 624 338 682 Iunctum
359 620 390 678 in
410 618 537 678 concilio
559 637 660 678 saevas
683 619 807 676 tolerare
827 618 993 693 procellas?
1135 616 1191 690 805

237 723 392 779 Praeterea
413 734 618 791 quaecumque
640 726 761 773 manent
782 725 910 786 aeterna,
933 723 1091 785 necessest,

195 820 257 878 Aut
279 814 349 891 quia
369 824 437 872 sunt
458 811 554 872 solido
575 831 642 870 curn
665 830 797 887 corpore,
820 829 956 886 respuere
977 808 1062 880 ictus,

195 915 264 972 Nec
285 920 438 987 penetrare
460 909 521 984 pati
543 907 597 967 sibi
619 907 780 983 quicquam
802 908 883 984 quod
905 916 994 982 queat
1014 917 1091 965 artas

198 1007 368 1068 Dissociare
388 1005 468 1065 intus
489 1004 590 1082 partis,
612 1015 644 1065 ut
665 1004 798 1065 materiai

195 1107 333 1180 Corpora
353 1114 429 1174 sunt,
452 1121 578 1179 quorum
599 1112 734 1160 naturam
757 1100 941 1161 ostendimus
966 1111 1054 1173 ante3
1135 1104 1193 1158 810

195 1206 259 1260 Aut
281 1201 349 1259 ideo
371 1201 476 1259 durare
496 1208 623 1257 aetatem
645 1217 734 1273 posse
754 1217 808 1274 per
828 1216 949 1257 omnem

196 1300 353 1374 Plagarum
375 1294 445 1370 quia
466 1306 533 1354 sunt
555 1293 698 1370 expertia,⁴
716 1295 792 1354 sicut
812 1293 937 1367 inanest,

195 1396 291 1470 Quod
311 1404 412 1451 manet
432 1391 576 1451 intactum
597 1410 694 1467 neque
716 1392 753 1451 ab
775 1391 836 1450 ictu
857 1391 985 1468 fungitur
1005 1392 1097 1451 hilum
1108 1412 1117 1464 ;

195 1497 259 1552 Aut
280 1490 369 1550 etiam
390 1488 460 1566 quia
480 1490 562 1548 nulla
582 1490 639 1548 loci
662 1491 699 1548 sit
720 1489 806 1566 copia
828 1490 947 1563 circum,

195 1592 269 1665 Quo
291 1588 373 1664 quasi
395 1605 440 1645 res
461 1584 577 1662 possint
598 1585 751 1647 discedere
773 1586 962 1663 dissoluique,
1136 1590 1192 1664 815

196 1686 281 1746 Sicut
302 1702 480 1743 summarum
502 1696 645 1742 summast
666 1695 793 1754 aeterna,
816 1703 914 1759 neque
935 1694 1016 1744 extra

196 1783 259 1858 Qui
281 1784 363 1841 locus
384 1791 427 1840 est
448 1799 509 1857 quo
530 1779 692 1856 diffugiant,
716 1801 814 1857 neque
835 1801 957 1857 corpora
979 1791 1048 1840 sunt
1069 1800 1146 1857 quae

196 1879 315 1940 Possint
337 1879 467 1939 incidere
488 1888 516 1938 et
537 1878 636 1937 valida
657 1878 817 1939 dissolvere
838 1881 932 1957 plaga.

582 1991 606 2039 'lt

197 2078 291 2151 Quod
312 2075 336 2134 si
357 2075 431 2134 forte
452 2073 521 2134 ideo
543 2073 637 2150 magis
658 2071 831 2133 immortalis
852 2074 1028 2144 habendam,

197 2176 290 2250 Quod
311 2173 448 2233 vitalibus
468 2174 507 2231 ab
527 2174 614 2232 rebus
636 2172 750 2231 munita
771 2183 894 2243 tenetur,
1036 2161 1040 2168 ’
1136 2175 1194 2231 820

196 2277 258 2331 Aut
279 2271 430 2347 quianon
451 2269 573 2354 ueniunt
595 2269 718 2328 omnino
740 2269 837 2328 aliena
859 2269 972 2343 salutis,

197 2374 258 2428 Aut
279 2368 349 2444 quia
370 2387 447 2444 quae
467 2369 590 2427 veniunt
610 2367 709 2444 aliqua
730 2356 843 2427 ratione
865 2370 1008 2428 recedunt

198 2467 288 2525 Pulsa
308 2464 389 2541 prius
410 2484 498 2541 quarn
521 2464 593 2541 qnid
614 2475 743 2524 noceant
764 2465 872 2526 sentire
893 2484 1045 2541 queamus,

199 2664 319 2720 Praeter
340 2659 418 2718 enim
434 2679 528 2735 quam
551 2662 634 2736 quod
655 2663 766 2720 morbis
786 2681 854 2720 curn
876 2662 1006 2738 corporis
1028 2672 1134 2739 aegret‚

198 2757 328 2818 Advenit
349 2757 380 2816 id
401 2759 483 2833 quod
504 2777 569 2817 eam
592 2760 630 2818 de
650 2760 738 2818 rebus
760 2779 849 2836 saepe
870 2760 974 2820 suturis
1136 2763 1192 2838 825

199 2859 341 2927 Macerat,
364 2854 454 2931 inque
475 2865 554 2914 metu
577 2857 654 2915 male
674 2857 765 2915 habet
785 2857 922 2934 curisque
944 2857 1055 2934 fatigat,

197 2952 425 3028 Praeteritisque
447 2954 524 3012 male
545 2953 681 3013 admissis
702 2966 826 3030 peccata
846 2955 1025 3013 remordent.

195 3054 288 3112 Adde
304 3053 435 3110 furorem
456 3049 546 3109 animi
567 3051 720 3128 proprium
743 3061 833 3127 atque
854 3050 965 3112 oblivia
986 3071 1091 3124 rerum,

195 3149 288 3208 Adde
306 3147 390 3222 quod
411 3144 442 3204 in
463 3145 559 3223 nigras
580 3146 703 3224 lethargi
726 3147 865 3223 mergitur
886 3148 990 3207 undas.
1152 3225 1154 3227 ι

211 3225 291 3336 m
309 3243 398 3320 igitur
418 3262 497 3303 mors
518 3256 563 3303 est
584 3245 623 3303 ad
643 3233 819 3321 nos‘peque
840 3245 968 3320 pertinet
990 3244 1092 3317 hilum,
1136 3246 1195 3321 830

245 3399 377 3452 806-818
393 3415 437 3448 are
450 3401 551 3464 rq'ected
559 3401 588 3462 by
600 3401 635 3448 M
670 3359 708 3429 ἣ
733 3402 807 3463 After
817 3402 864 3450 818
884 3402 1002 3449 Giussani
1011 3409 1123 3464 supposes
1132 3416 1196 3449 some

190 3482 400 3534 versesabelost
462 3483 536 3532 ·82ο
569 3482 686 3532 vitalibus
700 3483 794 3534 Man:
809 3483 933 3534 letalibus
946 3484 976 3530 M
1081 3481 1223 3541 Afrum

182 3568 211 3614 L
228 3569 341 3686 22922αῶ22
356 3577 375 3608 a
393 3577 461 3611 verse
478 3570 504 3612 to
520 3564 550 3615 bc
568 3566 624 3628 lost,
646 3568 711 3618 such
728 3584 759 3618 or
778 3569 871 3618 Multa
884 3575 978 3617 tamen
991 3565 1111 3625 tangunt
1123 3554 1248 3602 ammam

173 3641 250 3699 mala,
267 3655 293 3687 m
321 3646 345 3686 ta
360 3642 470 3704 pericla.
