2784 4142
397 345 447 393 uu
471 345 603 395 aarum
629 344 786 395 NATURA
809 343 919 393 uranu
943 342 992 392 111.
1174 343 1193 410 7

235 497 265 552 Is
287 490 341 553 tibi
362 512 444 553 nunc
465 490 581 551 animus
602 490 683 568 quali
704 490 741 552 sit
762 512 885 570 corpore
907 505 936 553 et
957 494 1037 552 unde

198 589 378 664 Constiterit,
401 609 522 667 pergam
543 588 688 649 rationem
709 589 834 650 reddere
855 589 950 649 dictis.

197 685 344 762 Principio
365 706 430 747 esse
450 687 498 746 aio
519 686 712 763 persuptilem
733 697 823 763 atque
844 685 965 744 minutis

197 787 342 859 Perquam
363 784 535 860 corporibus
555 787 667 844 factum
688 797 832 844 constare.
876 786 914 843 Id
933 784 976 843 ita
997 804 1061 843 esse
1137 791 1193 845 180

198 878 278 939 Hinc
298 879 369 939 licet
389 880 523 940 advertas
544 883 686 949 animum,
709 891 741 939 ut
761 899 938 956 pernoscere
959 881 1062 956 possis.

197 975 245 1035 Nil
265 978 344 1036 adeo
365 976 427 1037 fieri
448 977 537 1036 celeri
557 977 672 1037 ratione
694 977 816 1049 videtur,

197 1074 293 1148 Quam
314 1072 372 1132 sibi
394 1091 477 1131 mens
499 1071 562 1132 fieri
582 1071 722 1149 proponit
744 1083 773 1132 et
793 1072 915 1132 inchoat
935 1072 1007 1149 ipsa.

196 1170 287 1232 Ocius
308 1189 379 1246 ergo
400 1171 517 1228 animus
538 1189 627 1245 quam
648 1189 694 1229 res
716 1188 748 1228 se
769 1169 880 1245 perciet
901 1170 967 1240 ulla,

196 1271 273 1341 Ante
294 1267 398 1327 oculos
420 1285 546 1342 quorum
568 1265 598 1324 in
619 1276 760 1342 promptu
781 1276 885 1324 natura
905 1266 1029 1324 videtur.
1137 1272 1190 1343 185

195 1367 234 1422 At
255 1364 338 1439 quod
360 1361 471 1421 mobile
492 1374 576 1421 tanto
597 1373 724 1437 operest,
747 1373 883 1420 constare
904 1363 1039 1422 rotundis

196 1464 343 1538 Perquam
364 1459 527 1519 seminibus
548 1460 639 1519 debet
660 1478 865 1536 perquamque
886 1458 1016 1534 minutis,

195 1557 332 1616 Momine
352 1555 396 1615 uti
416 1575 507 1632 parvo
528 1555 644 1634 possint
664 1558 786 1631 inpulsa
806 1555 925 1615 moveri.

195 1656 333 1731 Namque
355 1664 491 1713 movetur
510 1673 587 1729 aqua
609 1666 638 1713 et
659 1653 775 1713 tantillo
798 1654 931 1714 momine
952 1654 1046 1727 flutat,

195 1751 316 1829 Quippe
335 1750 515 1811 volubilibus
537 1750 695 1827 parvisque
716 1762 814 1810 creata
833 1750 940 1827 figuris

193 1852 233 1908 At
253 1858 358 1908 contra
378 1848 474 1906 mellis
495 1847 678 1907 constantior
699 1859 744 1907 est
765 1858 870 1906 natura

194 1948 233 2006 Et
253 1945 329 2023 pigri
349 1943 450 2004 latices
471 1946 563 2021 magis
585 1956 614 2004 et
635 1944 822 2004 cunctantior
843 1955 926 2004 actus
936 1968 945 2019 ;

194 2045 310 2102 Haeret
330 2040 409 2101 enim
431 2038 506 2099 inter
527 2059 559 2100 se
580 2039 673 2116 magis
695 2039 791 2098 omnis
817 2039 950 2100 materiai

193 2139 300 2216 Copia,
322 2137 460 2196 nimirum
481 2137 551 2212 quia
572 2157 633 2196 non
654 2148 715 2196 tam
736 2137 851 2198 levibus
873 2149 952 2220 extat

193 2233 377 2314 Corporibus
398 2253 495 2311 neque
516 2245 577 2293 tam
598 2235 755 2312 suptilibus
776 2247 865 2312 atque
885 2235 1027 2296 rotundis

193 2337 342 2410 Namque,
364 2334 527 2409 papaveris
549 2352 620 2392 aura
641 2344 740 2409 potest
761 2353 905 2411 suspensa
924 2335 1057 2410 levisque

192 2433 310 2508 Cogere
331 2442 364 2491 ut
384 2431 422 2490 ab
443 2450 560 2490 summo
582 2430 635 2490 tibi
656 2432 769 2492 diffluat
790 2434 867 2492 altus
888 2453 1020 2493 acervus.

192 2532 232 2589 At
253 2540 358 2589 contra
378 2529 512 2604 lapidum
532 2531 702 2588 conlectum
724 2530 930 2607 spicarumque

192 2629 304 2687 Noenu
325 2636 431 2702 potest.
475 2625 568 2702 Igitur
588 2625 761 2701 parvissima
782 2646 907 2703 corpora
927 2647 1074 2704 proquam

192 2725 232 2782 Et
254 2719 403 2782 levissima
417 2732 500 2794 sunt,
522 2720 564 2780 ita
584 2721 749 2783 mobilitate
770 2708 912 2782 fruuntur.

191 2823 233 2878 At
254 2830 360 2879 contra
380 2837 585 2895 quaecumque
607 2819 700 2895 magis
721 2839 791 2879 eum
812 2822 945 2896 pondere
967 2841 1077 2898 magno

192 2919 367 2991 Asperaque
387 2915 583 2987 inveniuntur,
607 2935 643 2975 eo
665 2916 793 2976 stabilita
813 2916 906 2994 magis
927 2930 1003 2980 sunt.

193 3013 284 3070 Nunc
304 3011 391 3087 igitur
411 3010 554 3085 quoniam
575 3023 620 3072 est
641 3012 733 3071 animi
754 3024 858 3073 natura
878 3027 993 3091 reperta

193 3105 317 3166 Mobilis
338 3106 461 3182 egregie,
483 3125 628 3182 perquam
650 3119 786 3169 constare
806 3123 956 3169 necessest

192 3203 376 3280 Corporibus
397 3203 493 3281 parvis
515 3216 544 3264 et
565 3205 679 3265 levibus
701 3216 791 3282 atque
812 3207 956 3267 rotundis.

193 3303 280 3376 Quae
301 3301 355 3361 tibi
375 3302 494 3379 cognita
514 3323 560 3362 res
580 3302 612 3361 in
633 3303 742 3375 multis,
765 3323 784 3363 o
805 3305 893 3387 bone,
916 3306 1003 3364 rebus

193 3397 284 3458 Utilis
304 3397 467 3458 invenietur
488 3410 516 3459 et
538 3412 710 3475 opportuna
731 3400 849 3460 cluebit.

193 3497 282 3553 Haec
302 3513 421 3571 quoque
442 3515 488 3556 res
509 3495 599 3557 etiam
620 3507 758 3559 naturam
779 3499 902 3559 dedicat
920 3498 999 3571 eius,

343 3627 391 3688 ¹93
423 3628 608 3700 spicarumque
620 3636 726 3690 MSS..·
745 3637 804 3705 ipse
815 3633 898 3687 Eum*
913 3647 1025 3684 morere
1039 3631 1069 3678 m
