2784 4142
199 331 234 395 18
526 341 556 392 r.
581 341 742 393 Lucrum
766 344 852 392 cnm

194 487 385 564 Ancipitique
407 487 530 547 refutatu
552 487 728 546 convincere
749 488 863 545 salsum.
1128 503 1180 562 525

234 589 273 645 Et
292 586 433 662 quoniam
450 605 533 645 mens
551 595 596 643 est
612 584 741 643 hominis
759 603 827 659 pars
844 603 911 655 una,
930 586 998 643 loco
1015 604 1093 660 quae
1128 589 1181 660 548

195 682 267 742 Fixa
287 694 387 742 manet
408 694 497 752 cert0,
520 683 600 740 velut
621 700 706 739 aures
728 694 817 756 atque
838 681 917 739 oculi
938 692 1007 741 sunt

194 785 293 857 Atque
314 779 362 838 alii
383 799 494 850 sensus,
518 779 567 855 qui
589 778 678 837 vitam
700 798 828 853 cumque
848 781 1022 854 gubernant,
1131 796 1182 856 550

196 880 234 936 Et
254 875 344 936 veluti
365 895 469 934 manns
491 885 580 950 atque
601 876 704 934 oculus
726 894 847 934 naresve
868 895 999 934 seorsum

195 977 312 1034 Secreta
333 974 370 1032 ab
392 972 478 1030 nobis
499 981 651 1046 nequeunt
672 970 779 1030 sentire
800 991 896 1048 neque
918 991 991 1046 esse,

197 1070 255 1129 Sed
276 1079 376 1127 tamen
396 1068 426 1126 in
448 1059 538 1144 parvo
559 1069 710 1142 liquuntur
731 1078 865 1145 tempore
887 1072 964 1142 tabe,

196 1169 243 1226 Sic
263 1166 379 1225 animus
400 1184 454 1241 per
474 1184 505 1223 se
527 1182 587 1221 non
610 1165 671 1240 quit
693 1164 756 1225 sine
777 1149 953 1242 corpore—et
974 1167 1041 1243 ipso

195 1267 267 1325 Esse
288 1263 417 1333 homine,
439 1261 516 1321 illius
537 1262 620 1337 quasi
643 1265 724 1337 quod
746 1282 797 1322 vas
819 1283 883 1324 esse
903 1264 1027 1338 videtur,
1130 1281 1182 1342 555

195 1363 260 1421 Sive
280 1361 359 1420 aliud
381 1358 516 1435 quidvis
537 1359 634 1435 potius
656 1359 843 1419 coniunctius
864 1358 891 1419 ei

197 1453 327 1530 Fingere,
350 1451 593 1528 quandoquidem
614 1471 729 1512 conexu
750 1474 859 1530 corpus
879 1456 1028 1516 adhaeret.

234 1549 372 1626 Denique
393 1551 523 1625 corporis
544 1560 634 1624 atque
655 1551 746 1609 animi
767 1552 864 1611 vivata
884 1563 1016 1628 potestas

196 1651 277 1708 Inter
297 1668 329 1708 se
349 1646 508 1708 coniuncta
529 1648 627 1706 valent
648 1647 768 1724 vitaque
789 1651 939 1722 fruuntur;
1004 1685 1008 1692 ·

195 1747 260 1823 Nec
281 1744 343 1804 sine
364 1765 487 1822 corpore
508 1745 587 1804 enim
608 1744 704 1803 vitalis
726 1746 814 1806 edere
835 1758 932 1806 motus
1131 1752 1185 1825 560

194 1843 262 1902 Sola
282 1854 382 1919 potest
403 1842 493 1901 animi
515 1861 568 1916 per
589 1861 620 1901 se
641 1853 753 1937 natura,
776 1862 832 1902 nec
853 1856 953 1902 autem

196 1942 320 2000 Cassum
341 1938 440 1998 anima
460 1958 569 2014 corpus
590 1940 695 1998 durare
717 1951 746 1998 et
768 1940 903 2000 sensibus
924 1943 975 1999 uti.

194 2036 312 2098 Scilicet
333 2038 450 2095 avolsus
471 2036 620 2095 radicibus
640 2048 673 2095 ut
693 2037 797 2112 nequit
818 2039 908 2097 ullam

197 2133 348 2210 Dispicere
369 2135 434 2210 ipse
455 2135 558 2193 oculus
579 2154 641 2193 rem
664 2153 794 2192 seorsum
817 2154 941 2210 corpore
962 2146 1036 2210 tot0,

196 2230 243 2290 Sic
264 2231 362 2289 anima
383 2241 471 2305 atque
492 2230 607 2288 animus
628 2249 680 2306 per
701 2250 732 2290 se
754 2230 795 2288 nil
816 2251 905 2307 posse
927 2232 1051 2291 videtur.
1133 2237 1180 2310 565

196 2327 343 2387 Nimirum
364 2329 434 2404 quia
454 2349 508 2405 per
529 2349 618 2389 venas
640 2341 669 2389 et
691 2329 803 2389 viscera
825 2330 946 2402 mixtim,

196 2428 252 2484 Per
271 2443 376 2483 nervos
397 2437 487 2501 atque
509 2445 584 2496 ossa,
607 2437 745 2485 tenentur
766 2446 889 2502 corpore
909 2429 947 2486 ab
969 2427 1061 2497 omni,

196 2522 261 2580 Nec
281 2520 395 2596 magnis
416 2520 575 2580 intervallis
596 2506 756 2598 primordia
770 2505 901 2599 ⁴possunt

197 2617 303 2677 Libera
322 2617 485 2690 dissultare,
507 2617 576 2677 ideo
597 2621 740 2679 conclusa
761 2631 918 2679 moventur

196 2713 356 2772 Sensiferos
377 2724 485 2784 motus,
507 2733 581 2789 quos
603 2727 683 2774 extra
704 2735 813 2791 corpus
835 2716 865 2774 in
886 2736 973 2776 auras
1133 2736 1193 2797 570·

196 2809 282 2870 Aeris
303 2810 383 2869 haud
404 2823 527 2887 possunt
548 2824 616 2888 post
637 2825 763 2874 mortem
785 2813 879 2875 eiecta
900 2814 1021 2886 moveri,

197 2909 356 2982 Propterea
376 2907 445 2980 quia
467 2928 528 2969 non
549 2910 636 2969 simili
657 2911 771 2972 ratione
792 2922 938 2972 tenentur.

198 3003 313 3078 Corpus
335 3001 413 3060 enim
435 3013 523 3079 atque
544 3007 679 3065 animans
701 3007 754 3066 erit
775 3028 833 3080 aer,
856 3007 881 3067 si
902 3008 1042 3072 cohibere

197 3101 268 3158 Sese
289 3097 388 3156 anima
409 3110 497 3175 atque
520 3101 549 3160 in
572 3123 608 3161 eo
630 3105 737 3180 poterit
759 3106 938 3165 concludere
960 3121 1068 3180 motus,

155 3196 159 3201 ’
199 3199 283 3272 Quos
303 3208 374 3256 ante
393 3196 424 3256 in
445 3199 540 3258 nervis
562 3215 591 3260 et
612 3202 729 3278 inipso
751 3222 874 3278 corpore
895 3205 1011 3280 agebat.
1135 3223 1182 3285 575

201 3294 280 3368 Quin
303 3294 391 3354 etiam
412 3295 479 3355 finis
501 3299 573 3356 dum
595 3297 671 3358 vitae
693 3299 813 3359 vertitur
834 3301 918 3373 intra,
1138 3322 1204 3383 590·

178 3506 204 3604 (¹.
234 3487 375 3549 592-606
389 3507 435 3540 are
442 3494 532 3556 placed
547 3493 602 3542 here
618 3494 646 3558 by
667 3496 708 3552 M,
724 3494 789 3559 after
808 3510 856 3559 550
870 3497 896 3553 δν
914 3497 1010 3553 Christ„
1025 3499 1092 3562 after
1107 3500 1187 3565 ⁶14⁶}

188 3567 311 3604 'aiteram'
