2784 4142
395 366 445 415 DE
468 365 600 416 RERUM
626 366 782 416 NATURA
805 368 915 418 LIBER
938 371 990 422 111.
1149 379 1182 425 11

195 519 231 575 At
251 525 356 575 natura
377 515 468 573 boum
489 510 608 589 placido
629 514 722 589 magis
743 533 810 573 aere
831 512 910 584 vivit,

194 611 256 668 Nec
277 607 366 666 nimis
386 606 438 665 irai
459 608 508 664 fax
528 624 670 681 umquam
691 605 810 665 subdita
830 607 923 683 percit

193 704 327 776 Fumida,
350 704 523 764 suffundens
543 723 649 762 caecae
672 701 804 779 caliginis
825 705 935 775 umbra,

192 803 257 860 Nec
277 800 383 877 gelidis
403 810 500 875 torpet
521 798 587 858 telis
607 800 717 875 perfixa
738 798 871 874 pavoris:
1128 821 1184 878 305

192 892 273 958 Inter
294 910 436 973 utrosque
457 897 547 967 sitast,
571 916 673 956 cervos
694 915 859 972 saevosque
880 898 989 958 leones.

191 993 237 1053 Sic
257 992 414 1053 hominum
435 1010 528 1069 genus
549 1003 601 1052 est.
646 990 788 1066 Quamvis
809 992 943 1052 doctrina
964 995 1072 1069 politos

191 1090 360 1152 Constituat
380 1089 488 1166 pariter
508 1089 662 1166 quosdam,
685 1101 785 1148 tamen
807 1088 859 1147 illa
879 1089 1016 1166 relinquit

191 1192 321 1248 Naturae
341 1186 483 1262 cuiusque
504 1185 595 1245 animi
615 1185 738 1262 vestigia
758 1185 862 1262 prima.

190 1288 254 1345 Nec
274 1281 521 1344 radicitus‘evelli
542 1285 619 1342 mala
640 1302 730 1359 posse
750 1286 953 1360 putandumst,
1126 1305 1185 1359 310

189 1380 270 1456 Quin
292 1379 451 1456 proclivius
472 1379 520 1438 hic
541 1379 597 1438 iras
618 1381 756 1438 decurrat
777 1380 815 1438 ad
837 1379 920 1453 acris,

189 1479 244 1537 Ille
265 1488 349 1536 metu
369 1475 454 1535 citius
474 1477 564 1552 paulo
586 1473 753 1551 temptetur,
776 1486 806 1534 at
826 1475 875 1535 ille

188 1571 306 1634 Tertius
327 1569 453 1647 accipiat
474 1570 620 1647 quaedam
642 1570 817 1630 clementius
838 1591 942 1647 aequo.

190 1673 287 1746 Inque
309 1668 374 1728 aliis
395 1669 483 1728 rebus
505 1667 604 1727 multis
625 1667 741 1727 differre
763 1681 912 1729 necessest
1044 1655 1046 1658 ⁵

190 1771 318 1827 Naturas
338 1764 493 1825 hominum
512 1763 606 1824 varin
628 1784 785 1841 moresque
806 1765 958 1842 sequacis3
1125 1786 1181 1844 315

189 1868 326 1942 Quorum
349 1883 403 1940 ego
424 1881 504 1922 nunc
525 1881 640 1938 nequeo
662 1881 766 1920 caecas
788 1882 936 1939 exponere
957 1883 1069 1938 causas,

189 1966 256 2024 Nec
276 1959 404 2038 reperire
424 1961 579 2036 figurarum
601 1970 645 2018 tot
665 1959 787 2018 nomina
808 1972 879 2035 quot
900 1973 968 2020 sunt

189 2057 356 2134 Principiis,
377 2041 458 2115 unde
479 2057 551 2114 haec
573 2055 664 2114 oritur
684 2054 827 2114 variantia
846 2075 951 2115 rerum.

190 2157 270 2215 Illud
292 2153 322 2212 in
343 2152 388 2211 his
409 2152 496 2210 rebus
516 2150 619 2210 videor
639 2152 754 2211 firmare
776 2161 902 2226 potesse,

189 2252 296 2324 Usque
317 2245 393 2304 adeo
413 2255 582 2302 naturarum
603 2243 726 2320 vestigia
747 2243 842 2319 linqui
1007 2304 1008 2307 ,
1126 2268 1184 2322 3²0

189 2347 324 2416 Parvula,
346 2360 423 2417 quae
443 2352 571 2416 nequeat
592 2340 665 2399 ratio
686 2342 833 2416 depellere
855 2340 948 2412 nobis,

191 2447 234 2504 Ut
255 2442 298 2500 nil
317 2438 449 2516 inpediat
470 2437 590 2515 dignam
612 2437 658 2497 dis
680 2439 787 2514 degere
808 2439 905 2499 vitam.

231 2541 321 2598 Haec
340 2534 425 2611 igitur
445 2545 548 2593 natura
570 2543 686 2592 tenetur
707 2553 831 2608 corpore
851 2535 890 2594 ab
911 2535 1001 2608 omni,

191 2639 321 2713 Ipsaque
342 2631 471 2709 corporis
491 2641 535 2690 est
556 2641 656 2689 custos
678 2640 708 2689 et
728 2650 817 2689 causa
838 2631 957 2704 salutis,

191 2736 272 2791 Nam
293 2727 500 2790 communibus
522 2726 597 2785 inter
618 2745 649 2784 se
671 2725 819 2786 radicibus
841 2727 971 2798 haerent,
1124 2748 1180 2806 325

191 2833 258 2890 Nec
278 2825 342 2888 sine
363 2824 493 2903 pernicie
514 2822 614 2883 divelli
635 2843 725 2899 posse
745 2823 888 2883 videntur.

190 2927 283 3003 Quod
304 2943 396 3003 genus
417 2943 434 2983 e
455 2920 548 2981 thuris
568 2920 680 2996 glaebis
702 2921 827 2981 evellere
848 2922 970 2981 odorem

191 3023 285 3082 Haud
307 3019 393 3081 facile
412 3031 456 3079 est
478 3018 549 3095 quin
570 3018 694 3076 intereat
715 3029 820 3077 natura
841 3035 960 3093 quoque
982 3018 1052 3090 eius,

189 3121 239 3181 Sic
260 3117 350 3178 animi
371 3127 459 3192 atque
480 3116 597 3173 animae
618 3124 753 3172 naturam
774 3132 899 3190 corpore
920 3124 984 3173 toto

192 3217 351 3278 Extrahere
371 3214 452 3272 haud
473 3212 558 3272 facile
579 3222 623 3271 est
644 3212 717 3287 quin
738 3209 838 3269 omnia
859 3210 1063 3270 dissoluantur.
1124 3233 1182 3287 330

192 3314 324 3390 Inplexis
345 3309 386 3369 ita
407 3307 558 3386 principiis
579 3309 618 3366 ab
639 3306 751 3383 origine
773 3305 867 3382 prima

192 3414 275 3470 Inter
294 3425 327 3466 se
347 3408 429 3486 liunt,
452 3402 581 3464 consorti
602 3402 734 3478 praedita
754 3403 822 3472 vita,

193 3510 260 3567 Nec
280 3504 334 3565 sibi
356 3521 491 3578 quaeque
511 3501 576 3561 sine
596 3497 718 3561 alterius
737 3500 768 3562 vi
787 3518 881 3576 posse
896 3498 1017 3558 uidetur

182 3599 322 3677 Corporis
341 3611 435 3675 atque
453 3599 551 3660 animi
575 3621 718 3664 seorsum
740 3601 858 3664 sent'ue
876 3609 1033 3678 potestas,
