2784 4142
233 348 271 394 10
561 341 592 390 T.
616 338 778 390 LUCRETI
802 338 889 388 CARI

231 489 290 559 Vis,
312 487 418 547 initum
441 498 538 547 motus
561 488 600 547 ab
622 506 653 547 se
674 506 751 564 quae
772 485 878 546 dividit
899 486 974 559 ollis,

229 585 354 650 Sensifer
374 586 455 644 unde
476 583 567 643 oritur
587 583 714 661 primum
734 604 787 661 per
808 583 921 644 viscera
941 596 1049 644 motus.

230 687 308 743 Nam
330 681 447 760 penitus
468 701 603 758 prorsum
625 684 697 742 latet
719 683 793 742 haec
814 692 918 741 natura
938 683 1108 758 subestque,

231 783 296 840 Nec
316 778 407 855 magis
428 779 484 838 hac
505 779 579 838 infra
600 779 759 857 quicquam
782 791 826 840 est
847 779 878 838 in
900 799 1025 857 corpore
1047 791 1155 850 nostro,

230 881 330 954 Atque
350 875 448 936 anima
470 887 514 936 est
535 876 652 936 animae
673 896 817 953 proporro
837 875 928 957 totitu
947 876 1019 954 ipsa.
1162 889 1205 949 275

232 977 321 1050 Quod
341 994 434 1051 genus
455 974 485 1033 in
508 975 614 1035 nostris
636 974 776 1034 membris
797 985 827 1035 et
847 994 971 1051 corpore
993 988 1057 1035 toto

233 1074 327 1133 Mixta
346 1076 440 1132 lateus
461 1072 553 1132 animi
574 1072 617 1132 vis
639 1083 683 1133 est
704 1072 881 1149 animaeque
901 1084 1042 1149 potestas,

231 1168 412 1246 Corporibus
433 1170 502 1244 quia
523 1171 561 1228 de
582 1169 678 1245 parvis
699 1167 861 1246 paucisque
882 1179 1016 1241 creatast,

233 1269 280 1329 Sic
300 1267 353 1327 tibi
374 1266 503 1326 nominis
525 1268 599 1327 haec
620 1286 722 1344 expers
743 1265 787 1325 vis
808 1268 886 1325 faeta
906 1265 1027 1326 minutis
1254 1262 1257 1345 i

232 1365 413 1444 Corporibus
434 1368 514 1439 latet,
536 1377 626 1441 atque
646 1365 764 1425 animae
785 1363 869 1440 quasi
890 1364 980 1424 totius
1002 1364 1067 1440 ipsa
1163 1363 1209 1420 280
1255 1348 1257 1393 ³

228 1467 406 1540 'Proporrost
426 1462 526 1522 anima
546 1474 576 1522 et
598 1461 768 1522 dominatur
788 1480 910 1537 corpore
932 1472 1004 1522 toto,

234 1559 389 1624 Consimili
409 1560 522 1620 ratione
543 1567 694 1619 necessest
715 1570 822 1618 ventus
842 1571 872 1618 et
893 1577 942 1618 aer

235 1661 274 1717 Et
294 1659 374 1716 calor
394 1656 470 1717 inter
490 1677 522 1716 se
543 1655 661 1733 vigeant
682 1654 843 1715 commixta
866 1675 921 1732 per
939 1665 1028 1729 artua,

234 1759 332 1828 Atque
352 1753 416 1813 aliis
437 1754 518 1813 aliud
538 1751 633 1813 subsit
653 1751 747 1830 magis
768 1755 964 1829 emineatque,

235 1855 279 1913 Ut
300 1850 442 1927 quiddam
462 1850 526 1910 fieri
546 1849 680 1910 videatur
700 1853 739 1910 ab
761 1851 900 1911 omnibus
921 1870 1024 1922 unum,
1167 1849 1227 1920 285·

235 1948 276 2012 Ni
296 1949 377 2007 calor
397 1967 432 2006 ac
452 1957 558 2006 ventus
580 1966 712 2008 seorsum
734 1965 928 2022 seorsumque
948 1957 1081 2022 potestas

235 2041 318 2101 Aeris
341 2041 518 2100 interemant
539 2059 657 2099 sensum
679 2039 862 2116 diductaque
884 2043 1007 2101 solvant,

276 2141 330 2197 Est
351 2138 440 2199 etiarn
461 2140 542 2197 calor
562 2139 611 2197 ille
632 2137 743 2210 animo,
765 2158 853 2215 quem
876 2139 974 2211 sumit,
996 2138 1028 2197 in
1050 2138 1092 2198 ira

236 2239 314 2306 Cum
334 2236 477 2307 fervescit,
500 2247 529 2295 et
551 2255 587 2295 ex
608 2235 701 2295 oculis
723 2236 812 2294 micat
833 2236 949 2295 acribus
970 2238 1065 2296 ardor.

238 2339 291 2395 Est
312 2347 341 2395 et
361 2333 465 2412 frigida
486 2336 586 2407 muita,
609 2354 710 2394 comes
732 2333 905 2406 formidinis,
927 2353 1006 2405 aura,
1172 2349 1218 2409 ²90

237 2436 322 2509 Quae
343 2433 401 2492 ciet
421 2434 571 2492 horrorem
593 2431 733 2492 membris
754 2444 783 2492 et
804 2432 934 2493 concitat
955 2444 1043 2492 artus.

238 2535 292 2590 Est
312 2530 401 2589 etiam
422 2550 543 2607 quoque
564 2529 661 2606 pacati
683 2541 776 2589 status
797 2529 872 2590 aeris
893 2530 951 2602 ille,

237 2631 359 2688 Pectore
381 2625 539 2703 tranquillo
560 2626 612 2702 qui
632 2628 665 2686 fit
685 2627 827 2701 voltuque
849 2645 963 2687 sereno.

237 2728 295 2786 Sed
316 2724 404 2784 calidi
426 2726 492 2801 plus
513 2735 558 2784 est
579 2723 643 2795 illis,
667 2723 776 2800 quibus
797 2722 876 2782 acria
897 2725 988 2783 corda

239 2822 444 2897 Iracundaque
466 2840 549 2881 mens
570 2819 654 2881 facile
675 2821 837 2880 effervescit
858 2819 889 2879 in
910 2820 959 2879 ira.
1175 2835 1223 2897 295

238 2921 307 2995 Quo
328 2937 435 2994 genere
457 2916 488 2976 in
509 2916 610 2994 primis
630 2916 674 2976 vis
695 2928 740 2978 est
762 2917 891 2977 violenta
911 2919 1043 2990 leonum,

240 3020 363 3076 Pectora
384 3016 434 3091 qui
455 3014 572 3073 fremitu
593 3025 734 3090 rumpunt
754 3015 927 3091 pierumque
948 3023 1109 3089 gementes,

239 3115 304 3172 Nec
325 3131 431 3187 capere
451 3109 558 3168 irarum
580 3110 684 3168 fluctus
707 3109 737 3168 in
759 3120 879 3186 pectore
899 3120 1031 3186 possunt.

239 3212 278 3267 At
299 3219 423 3267 ventosa
443 3204 536 3282 magis
557 3225 709 3265 cervorum
731 3205 835 3282 frigida
855 3225 940 3265 mens
961 3216 1005 3264 est

240 3308 279 3364 Et
299 3304 411 3380 gelidas
432 3301 517 3361 citius
537 3322 591 3379 per
611 3302 722 3361 viscera
744 3302 874 3362 concitat
895 3322 987 3374 auras
1177 3320 1229 3377 300

240 3406 325 3480 Quae
346 3401 502 3461 tremulum
524 3400 635 3459 faciunt
656 3400 795 3458 membris
817 3399 941 3460 existere
962 3409 1086 3458 motum.

490 3544 540 3592 288
576 3542 654 3592 etiarn
668 3542 766 3592 MSS:
784 3542 880 3590 etenim
892 3541 922 3588 M

485 3639 532 3690 293
573 3624 618 3692 qui
631 3624 664 3675 fit
676 3625 717 3675 L:
735 3622 767 3673 fit
777 3622 827 3688 qui
839 3620 932 3675 MSS..
943 3617 973 3666 M
