2784 4142
232 369 270 432 34
557 358 588 407 τ.
614 358 775 409 iucanrr
799 359 887 408 caru

230 513 297 570 Nec
316 509 396 567 videt
416 505 528 565 interea
547 505 599 582 qui
620 508 763 565 terminus
784 525 849 566 esse
870 508 1016 566 malorum
1153 527 1229 566 1020

229 603 334 676 Possit,
356 623 412 663 nec
433 621 510 678 quae
530 601 568 661 sit
587 620 753 678 poenarum
774 603 905 678 denique
925 603 1000 675 finis,

230 706 328 778 Atque
349 701 454 761 eadem
476 699 579 758 metuit
601 699 693 774 magis
714 701 789 758 haec
810 718 848 758 ne
869 700 899 758 in
924 713 1021 762 morte
1046 710 1227 778 gravescant

232 798 292 858 Hic
313 794 475 856 Acherusia
495 797 528 854 fit
549 797 706 855 stultorum
729 795 858 871 denique
879 796 946 855 rita

272 898 342 955 Hoc
364 894 453 954 etiam
475 893 528 953 tibi
549 904 613 953 tute
633 893 782 953 interdum
805 893 904 954 dicere
924 894 1040 970 possis:

233 991 376 1051 ‘Lumina
397 990 436 1050 sis
457 990 551 1050 oculis
571 990 660 1050 etiam
682 992 780 1049 bonus
801 991 896 1049 Ancu’
917 990 1044 1067 reliquit,
1156 1011 1228 1067 1025

232 1090 292 1166 Qui
314 1089 416 1147 melior
437 1087 535 1147 multis
556 1107 646 1164 quam
667 1100 699 1147 tu
721 1087 782 1159 suit,
805 1087 948 1164 improbe,
971 1090 1067 1150 rebus.

234 1184 309 1244 Inde
331 1182 379 1241 alii
400 1183 484 1241 multi
506 1201 589 1258 reges
610 1200 765 1257 rerumque
786 1193 925 1258 potentes

233 1277 423 1347 Occiderunt,
445 1276 560 1353 magnis
581 1276 632 1353 qui
653 1276 793 1352 gentibus
814 1277 1026 1353 imperitarunt

234 1376 289 1434 llle
310 1394 431 1451 quoque
453 1377 527 1450 ipse,
549 1373 627 1432 viam
647 1373 698 1448 qui
719 1376 871 1449 quondam
892 1395 946 1452 per
967 1396 1048 1435 mare
1070 1397 1213 1454 magnum

189 1536 193 1541 ,
234 1469 340 1529 Stravit
360 1469 473 1546 iterque
495 1469 578 1529 dedit
600 1468 764 1546 legionibus
785 1469 827 1529 ire
847 1489 901 1547 per
920 1474 1012 1530 altum
1157 1493 1231 1550 1030

233 1570 279 1626 Ac
299 1566 427 1643 pedibus
448 1567 538 1625 salsas
559 1565 662 1625 docuit
683 1585 772 1642 super
792 1565 835 1626 ire
856 1568 980 1627 lucunas

235 1667 274 1723 Et
295 1663 472 1739 contempsit
494 1662 578 1740 equis
599 1663 742 1721 insultans
764 1682 913 1722 murmura
933 1664 1028 1740 ponti,

235 1760 361 1820 Lumine
382 1761 522 1837 adempto
544 1758 673 1818 animam
694 1759 872 1820 moribundo
893 1772 1017 1838 comore
1039 1761 1123 1823 fudit.

234 1856 394 1934 Scipiadas,
417 1855 487 1916 belli
507 1857 629 1925 fulmen,
652 1854 839 1932 Carthaginis
860 1856 971 1929 horror,
1270 1862 1275 1899 ¹

235 1956 311 2014 Ossa
332 1955 415 2013 dedit
437 1964 528 2012 terrae
549 1951 676 2028 proinde
696 1971 732 2011 ac
753 1954 844 2012 famul
864 1952 983 2014 infimus
1004 1964 1090 2014 esset.
1156 1973 1228 2033 1035
1270 1944 1275 1970 '

235 2051 321 2109 Adde
343 2060 504 2125 repertores
526 2048 727 2107 doctrinarum
748 2060 840 2126 atque
861 2051 1004 2127 leporum,

234 2148 323 2207 Adde
347 2145 578 2206 Heliconiadum
599 2144 742 2218 comites,
764 2165 890 2222 quorum
908 2166 987 2207 unus
1009 2150 1163 2210 Homerus

234 2246 357 2320 Sceptra
376 2243 486 2320 potitus
508 2245 614 2303 eadem
634 2242 699 2301 aliis
721 2243 829 2320 sopitu’
850 2243 986 2320 quietest

236 2339 373 2417 Denique
396 2339 600 2399 Democritum
622 2350 780 2416 postquam
806 2351 920 2400 matura
941 2351 1071 2401 vetustas

236 2433 400 2495 Admonuit
422 2452 567 2492 memores
589 2446 687 2492 motus
709 2436 899 2509 languescere
920 2436 1037 2508 mentis,
1158 2457 1229 2511 1040

235 2536 347 2608 Sponte
367 2550 420 2589 sua
441 2532 501 2590 leto
522 2541 612 2607 caput
633 2531 739 2591 obvius
761 2530 867 2606 optulit
889 2532 962 2608 ipse.

239 2631 306 2704 lpse
329 2630 491 2687 Errcouus
512 2627 575 2687 obit
597 2629 724 2687 decurso
745 2627 856 2688 lumine
878 2630 964 2701 vitae,

236 2725 297 2800 Qui
316 2744 411 2801 genus
432 2725 595 2782 humanum
617 2723 736 2800 ingenio
758 2724 905 2800 superavit
927 2736 955 2784 et
977 2725 1073 2786 omnis

237 2822 382 2882 Restinrit
404 2824 511 2893 stellas,
534 2834 651 2881 exortus
675 2834 707 2881 ut
728 2821 875 2882 aetherius
896 2825 949 2882 sol.

236 2923 282 2979 'l'u
303 2938 373 2979 vero
394 2917 543 2977 dubitabis
562 2930 592 2977 et
613 2918 805 2995 indignabere
825 2918 930 2979 obire?
1156 2939 1225 2999 1045
1259 2852 1274 3075 ι

238 3018 357 3074 Mortua
378 3012 427 3072 cui
446 3013 506 3073 vita
527 3025 570 3073 est
593 3034 685 3090 prope
707 3015 765 3073 iam
785 3015 852 3075 vivo
874 3026 964 3092 atque
983 3015 1105 3089 videnti,

237 3113 296 3187 Qui
318 3131 423 3171 somno
445 3125 559 3187 partem
582 3111 724 3170 maiorem
745 3111 874 3171 conteris
894 3111 960 3172 aevi

238 3212 275 3267 llt
297 3208 420 3285 vigilans
442 3208 537 3267 stertis
559 3228 614 3267 nec
636 3208 753 3267 somnia
773 3227 1020 3283 cemerecessas,
1253 3250 1275 3621 ³

1269 2512 1275 2541 l

1267 2804 1274 2835 l

236 3306 456 3378 sollicitamque
477 3305 552 3380 geris
573 3325 656 3364 cassa
677 3305 835 3365 formidine
856 3316 988 3364 mentem

238 3404 302 3461 Nec
323 3400 449 3475 reperire
470 3412 554 3476 potes
577 3401 630 3461 tibi
651 3402 724 3477 quid
745 3401 781 3460 sit
802 3420 891 3478 saepe
912 3400 990 3473 mali,
1013 3421 1081 3462 cum
1158 3424 1232 3485 1050

225 3495 335 3552 armus
356 3498 470 3575 urgeris
491 3498 594 3560 multis
617 3500 709 3562 miser
730 3501 866 3577 undique
884 3499 961 3558 curis

481 3631 545 3679 ¹031
584 3634 664 3685 super
676 3618 717 3668 ire
730 3617 830 3666 Mssa
846 3627 969 3676 superare
980 3611 1009 3658 Μ
