2784 4142
379 389 428 438 DE
451 389 583 439 RERUM
609 387 766 440 NATURA
789 387 899 438 LIBER
922 389 974 439 ΙΙΙ.
1133 391 1171 436 21

188 535 221 596 Et
240 535 363 596 discissa
384 535 471 594 simul
492 554 561 594 cum
582 554 707 612 corpore
728 535 899 597 dissicietur.

186 634 220 691 lt
241 634 328 708 quod
344 631 488 690 scinditur
509 643 538 692 et
559 632 649 710 partis
670 631 798 691 discedit
817 632 848 690 in
870 634 953 706 ullas,
1115 635 1172 706 640

184 728 295 788 Scilicet
315 740 465 788 aeternam
486 726 542 787 sibi
564 740 697 787 naturam
722 728 826 789 abnuit
848 749 920 791 esse.

183 825 336 885 Falciferos
357 835 523 884 memorant
544 844 645 885 currus
666 825 820 885 abscidere
842 827 973 886 membra

180 921 272 997 Saepe
293 921 334 980 ita
354 922 393 981 de
414 919 520 993 subito,
544 921 687 998 permixta
708 924 800 983 caede
822 923 952 997 calentis,

182 1018 222 1077 Ut
243 1029 367 1077 tremere
388 1017 419 1075 in
441 1029 516 1076 terra
537 1016 669 1077 videatur
689 1019 728 1077 ab
750 1020 873 1078 artubus
894 1019 926 1078 id
947 1020 1029 1094 quod

178 1113 298 1174 Decidit
312 1113 469 1187 abscisum,
485 1133 553 1172 cum
568 1134 652 1174 mens
667 1126 767 1174 tamen
782 1126 870 1192 atque
884 1115 1014 1175 hominis
1029 1116 1072 1175 vis
1114 1121 1169 1194 645

179 1210 348 1272 Mobilitate
370 1211 438 1270 mali
460 1230 521 1271 non
543 1211 606 1288 quit
628 1212 736 1271 sentire
757 1213 909 1284 dolorem3

177 1308 216 1368 Et
238 1309 330 1368 semel
351 1307 383 1367 in
403 1327 519 1385 pugnae
541 1308 639 1367 studio
661 1309 744 1384 quod
765 1308 864 1368 dedita
885 1328 969 1368 mens
990 1321 1042 1383 est,

177 1407 311 1482 Corpore
331 1404 452 1465 rellicuo
473 1423 602 1481 pugnam
625 1406 792 1481 caedesque
813 1405 942 1481 petessit,

176 1504 244 1561 Nec
264 1512 345 1562 tenet
366 1500 504 1560 amissam
525 1502 641 1560 laevam
663 1520 730 1560 curn
753 1501 882 1578 tegmine
904 1522 993 1578 saepe

177 1602 260 1658 Inter
281 1617 375 1675 equos
396 1600 531 1658 abstraxe
551 1608 630 1658 rotas
651 1599 801 1675 falcesque
823 1618 954 1675 rapaces
1113 1602 1170 1676 650

177 1698 242 1756 Nec
263 1695 406 1756 cecidisse
427 1694 501 1754 alius
523 1695 665 1768 dextram,
687 1714 755 1754 cum
778 1695 894 1756 scandit
914 1711 944 1757 et
964 1696 1061 1757 instat.

178 1794 253 1852 Inde
274 1791 348 1852 alius
369 1803 493 1851 conatur
513 1793 655 1869 adempto
676 1811 792 1869 surgere
813 1813 905 1866 crure,

177 1891 254 1950 Cum
276 1889 384 1967 digitos
405 1888 496 1966 agitat
516 1901 637 1966 propter
657 1889 851 1950 moribundus
872 1891 955 1950 humi
975 1911 1035 1968 pes.

177 1989 215 2045 Et
235 1997 334 2062 caput,
357 1985 504 2046 abscisum
526 1986 624 2047 calido
644 1987 821 2064 viventeque
843 1999 956 2062 trunc0‚
1034 1994 1036 2000 '

176 2086 276 2143 Servat
296 2082 379 2141 humi
401 2084 514 2142 voltum
536 2082 654 2143 vitalem
675 2085 836 2161 oculosque
859 2085 996 2161 patentis,
1109 2087 1165 2162 655

177 2183 284 2240 Donec
306 2180 454 2257 relliquias
476 2179 585 2240 animai
606 2180 736 2241 reddidit
757 2200 870 2241 omnes.

176 2279 257 2355 Quin
279 2277 367 2338 etiam
390 2277 444 2338 tibi
465 2277 489 2337 si
510 2278 610 2355 lingua
631 2278 774 2351 vibrante,
797 2277 917 2338 micanti

176 2375 326 2451 Serpentis
347 2374 450 2445 cauda,
473 2392 596 2449 procero
617 2393 751 2450 corpore,
774 2385 910 2435 truncum

176 2474 217 2532 Sit
237 2471 355 2532 libitum
377 2469 407 2528 in
429 2471 535 2530 multas
555 2469 645 2548 partis
666 2470 811 2532 discidere
831 2473 916 2544 ferro,

176 2567 284 2631 Omnia
305 2567 364 2627 iam
386 2586 498 2628 sorsum
520 2587 622 2629 cernes
643 2569 744 2628 ancisa
765 2569 876 2630 recenti
1109 2575 1167 2630 660

176 2668 304 2726 Volnere
326 2663 426 2724 tortari
448 2674 478 2724 et
499 2674 606 2725 terram
628 2684 821 2742 conspargere
844 2669 923 2738 tabo,

175 2766 276 2839 Ipsam
299 2780 391 2837 seque
411 2772 487 2820 retro
508 2773 622 2838 partem
643 2775 744 2839 petere
765 2782 817 2822 ore
837 2762 972 2840 priorem,

176 2858 311 2918 Volneris
332 2858 447 2917 ardenti
468 2868 501 2916 ut
522 2877 622 2918 morsu
643 2871 757 2936 premat
777 2859 835 2919 icta
856 2861 997 2920 dolorem.

176 2953 323 3014 Omnibus
345 2970 410 3010 esse
430 2951 516 3028 igitur
537 2964 614 3013 totas
636 2953 768 3014 dicemus
790 2954 821 3012 in
841 2954 898 3014 illis

176 3049 327 3110 Particulis
348 3048 484 3108 animas?
504 3063 534 3110 at
556 3071 591 3110 ea
613 3051 727 3111 ratione
749 3062 888 3128 sequetur
1109 3058 1165 3130 665

176 3151 274 3209 Unam
296 3147 480 3207 animantem
501 3149 614 3208 animas
635 3142 773 3211 habuisse
793 3151 825 3209 in
846 3170 970 3228 corpore
991 3152 1105 3210 multas.

176 3248 250 3322 Ergo
273 3243 396 3304 divisast
416 3264 451 3304 ea
471 3264 548 3322 quae
569 3247 623 3306 fuit
644 3267 703 3306 una
725 3247 812 3306 simul
833 3267 901 3306 cum

176 3343 306 3419 Corpore
317 3361 326 3412 3
349 3353 527 3418 quapropter
547 3345 671 3404 mortale
691 3355 849 3421 utrumque
870 3347 1072 3421 putandumst,

221 3497 269 3560 658
303 3513 438 3562 eprocero
454 3499 489 3547 M
601 3507 718 3549 truncum
735 3502 873 3551 Grussaoi:
888 3510 1028 3563 utrumque
1044 3503 1137 3550 MSS„
1151 3502 1185 3542 tn

176 3582 243 3640 aster
257 3577 308 3640 658
319 3580 359 3627 M
367 3588 479 3644 supposes
493 3598 511 3631 a
526 3599 596 3634 verse
612 3591 635 3634 to
650 3585 678 3635 be
694 3585 751 3644 lost.
766 3583 831 3635 such
846 3599 874 3632 os
886 3582 929 3630 Ra
942 3580 1059 3640 caudam
1070 3583 1102 3620 ez
1111 3571 1216 3614 mem

176 3659 233 3705 >tius
244 3659 358 3722 corporis
370 3677 482 3724 omnem,
