2784 4142
150 258 171 389 Ι
388 319 439 368 DE
463 319 595 369 RERUM
620 319 776 369 NATURA
800 310 913 368 LIBER
936 318 989 368 111.
1145 322 1184 384 23

207 461 271 534 Non,
291 473 324 522 ut
344 463 460 540 opinor,
482 463 513 522 id
534 485 552 523 a
572 465 632 525 leto
654 464 713 523 iam
735 464 860 541 longiter
881 477 973 539 errat,

205 557 377 637 Quapropter
398 562 506 621 fateare
527 572 685 633 necessest,
708 581 785 638 quae
806 561 861 620 fuit
882 573 951 621 ante

204 655 340 716 lnteriisse
361 669 391 716 et
413 676 490 733 quae
511 677 591 716 nunc
614 668 658 716 est
679 678 761 716 nunc
782 678 846 718 esse
868 668 1003 719 creatam.

234 754 385 813 Praeterea
405 753 430 812 si
450 754 508 812 iam
530 756 660 830 perfecto
682 774 805 830 corpore
828 755 913 816 nobis
1227 823 1230 828 ,

202 848 294 908 Inferri
316 849 430 910 solitast
451 850 542 909 animi
564 850 661 910 vivata
681 864 813 927 potestas
1129 852 1187 909 680

200 945 268 1004 Tum
289 966 358 1006 cum
378 947 526 1024 gignimur
546 959 575 1007 et
597 948 674 1008 vitae
695 968 764 1006 cum
786 948 876 1008 limen
898 948 1015 1020 inimus,

199 1041 284 1102 Haud
304 1043 346 1102 ita
366 1042 569 1114 conveniebat,
592 1043 635 1102 uti
656 1064 726 1103 cum
748 1064 873 1121 corpore
894 1057 923 1105 et
946 1065 1005 1104 una

197 1140 268 1200 Cum
290 1141 431 1201 membris
453 1141 587 1200 videatur
606 1140 637 1199 in
659 1143 725 1217 ipso
746 1143 890 1219 sanguine
911 1162 1016 1214 cresse,

139 1314 142 1323 .
195 1237 250 1298 Sed
270 1241 351 1299 velut
372 1240 403 1297 in
424 1258 515 1297 cavea
536 1257 589 1316 per
609 1257 641 1298 se
663 1239 720 1298 sibi
741 1241 837 1299 vivere
860 1242 953 1299 solam

139 1326 141 1335 ¹
194 1336 348 1408 Convenit,
373 1338 418 1413 (ut
439 1354 526 1394 sensu
548 1354 654 1412 corpus
676 1347 777 1395 tamen
798 1338 898 1396 affluat
919 1336 1031 1411 omne),
1070 1399 1079 1414 ,
1130 1336 1186 1410 685

194 1433 283 1508 Quod
304 1432 367 1493 fieri
388 1442 484 1492 totum
506 1443 610 1491 contra
631 1432 787 1491 manifesta
808 1434 897 1492 docet
918 1452 972 1492 res.

194 1531 330 1606 Namque
352 1529 392 1588 ita
413 1549 529 1589 conexa
549 1541 593 1589 est
615 1548 667 1605 per
687 1548 786 1603 venaS,
810 1528 929 1602 viscera,
954 1548 1059 1589 nervos

194 1629 337 1703 Ossaque,
360 1626 403 1685 uti
425 1627 529 1686 dentes
550 1644 669 1702 quoque
691 1645 779 1684 sensu
801 1624 1034 1700 participentur,

195 1727 317 1784 Morbus
340 1736 372 1783 ut
393 1723 505 1783 indicat
527 1733 556 1782 et
576 1722 684 1798 gelidai
707 1723 833 1799 stringor
852 1723 939 1799 aquai

194 1824 232 1881 Et
253 1819 327 1898 lapis
349 1839 515 1897 oppressus
538 1819 627 1879 subiit
649 1820 673 1878 si
695 1841 712 1880 e
733 1821 872 1896 frugibus,
894 1840 986 1896 asper,
1130 1822 1189 1894 690

195 1920 294 1995 Quare
316 1918 405 1978 etiam
427 1929 516 1995 atque
538 1917 626 1977 etiam
650 1938 747 1994 neque
770 1919 889 1995 originis
911 1938 974 1978 esse
996 1918 1189 1996 putandumst

195 2014 331 2091 Expertis
352 2013 466 2073 animas
487 2033 543 2073 nec
564 2014 615 2074 leti
636 2016 701 2090 lege
723 2015 842 2073 solutas.

194 2115 272 2171 Nam
293 2130 393 2187 neque
415 2121 498 2170 tanto
519 2131 609 2187 opere
631 2110 751 2170 adnecti
773 2109 905 2185 potuisse
927 2109 1120 2186 putandumst

194 2208 376 2286 Corporibus
398 2207 515 2279 nostris
538 2207 718 2267 extrinsecus
740 2205 909 2279 insinuatas,

194 2309 268 2378 Nec,
291 2317 354 2366 tam
375 2316 532 2364 contextae
553 2324 622 2363 cum
644 2303 711 2373 sint,
734 2302 811 2362 exire
833 2303 972 2362 videntur
1132 2304 1188 2376 695

194 2404 365 2464 Incolumes
386 2421 475 2478 posse
496 2412 526 2461 et
547 2402 640 2460 salvas
663 2402 815 2459 exsolvere
837 2418 902 2458 sese

162 2524 164 2528 ’
194 2499 342 2561 Omnibus
363 2519 381 2559 e
402 2498 497 2558 nervis
518 2510 609 2574 atque
630 2498 747 2557 ossibus
768 2496 964 2570 articulisque.

194 2597 286 2672 Quod
308 2595 333 2655 si
354 2597 428 2654 sorte
449 2606 536 2672 putas
557 2594 737 2654 extrinsecus
758 2594 937 2652 insinuatam

194 2698 373 2753 Permanare
394 2690 524 2751 animam
546 2691 633 2749 nobis
655 2709 707 2767 per
728 2691 862 2749 membra
883 2688 986 2757 solere,

193 2795 295 2852 Tanto
316 2791 427 2865 quique
449 2788 542 2864 magis
564 2807 632 2846 cum
654 2806 778 2863 corpore
798 2788 863 2844 lusa
883 2783 996 2861 peribit.
1135 2799 1193 2855 700

195 2889 287 2964 Quod
308 2895 464 2964 permanat
484 2885 564 2946 enim
586 2883 763 2954 dissolvitur,
786 2882 885 2942 interit
907 2899 985 2957 ergo

195 2983 377 3062 Dispertitus
398 2983 477 3042 enim
500 3001 552 3058 per
572 2982 673 3040 caulas
694 2980 827 3056 corporis
848 2976 945 3038 omnis

196 3085 239 3144 Ut
261 3083 356 3153 cibus,
378 3078 409 3137 in
431 3079 564 3137 membra
584 3087 673 3152 atque
694 3087 775 3135 artus
796 3094 865 3134 cum
887 3072 997 3132 diditur
1018 3071 1122 3142 omnis,

196 3176 329 3256 Disperit
349 3187 439 3252 atque
460 3173 547 3234 aliam
569 3185 704 3233 naturam
726 3172 832 3232 sufficit
854 3188 952 3242 exse,

195 3277 243 3337 Sic
263 3273 364 3334 anima
384 3283 475 3348 atque
495 3271 611 3330 animus
633 3268 768 3346 quamvis
788 3267 902 3342 integra
922 3282 1025 3323 recens
1046 3263 1077 3320 in
1135 3279 1190 3338 705

196 3367 314 3450 Corpus
335 3380 414 3441 eunt,
437 3380 536 3428 tamen
558 3368 589 3427 in
610 3366 762 3428 manando
782 3364 992 3433 dissoluuntur,

196 3473 278 3529 Dum
301 3467 385 3545 quasi
405 3486 458 3543 per
478 3468 577 3525 caulas
599 3463 697 3524 omnis
718 3462 862 3522 diduntur
882 3458 918 3516 'm
935 3468 1020 3515 artus

219 3590 266 3653 535
284 3593 309 3640 ὑ
317 3591 420 3657 affected
426 3592 459 3657 by
469 3593 507 3644 M
619 3591 671 3659 690
688 3588 772 3642 subiit
780 3587 805 3639 si
818 3586 948 3645 Bernupr,
960 3577 1008 3626 M:
1023 3569 1123 3620 subdus
1133 3560 1219 3608 MS&
