2784 4142
233 333 272 396 32
415 310 418 315 '
562 328 593 378 τ.
617 327 780 378 Lucnurr
803 328 890 378 cnm

232 476 400 551 Inperfecta
420 473 474 534 tibi
495 475 621 551 elapsast
642 475 815 552 ingrataque
836 474 903 546 vita,

233 575 271 631 Et
292 571 483 649 necopinanti
504 591 584 631 mors
605 573 644 631 ad
665 582 755 647 caput
775 570 888 630 adstitit
909 581 979 632 ante

233 672 329 746 Quam
351 682 486 730 saturae
506 671 611 747 plenus
632 668 728 746 possis
749 669 901 729 discedere
922 688 1026 729 rerum.
1166 671 1216 744 960

234 772 324 829 Nunc
344 771 440 830 aliena
461 779 632 840 tua-tamen
652 777 749 827 aetate
770 767 870 826 omnia
891 766 985 838 mitte,

233 871 339 942 Aequo
360 867 520 943 animoque
541 867 669 943 agedum
689 863 786 941 gnatis
807 866 958 925 concede:
980 866 1147 925 necessest!

234 965 309 1034 Iure,
332 975 364 1023 ut
385 963 501 1040 opinor,
524 973 600 1040 agat,
622 963 685 1022 iure
707 962 839 1037 increpet
860 960 1026 1037 inciletque.

234 1060 323 1123 Cedit
344 1059 422 1120 enim
443 1081 539 1120 rerum
561 1060 692 1119 novitate
714 1070 829 1118 extrusa
849 1069 978 1118 vetustas

234 1162 365 1235 Semper,
388 1169 417 1218 et
438 1177 474 1216 ex
494 1157 558 1217 aliis
579 1158 660 1216 aliud
680 1175 815 1233 reparare
836 1165 993 1226 necessest,
1169 1157 1216 1230 965

235 1259 300 1317 Nec
321 1256 477 1333 quisquam
498 1255 529 1314 in
551 1256 718 1315 barathrum
742 1274 797 1313 nec
818 1255 941 1311 Tartara
963 1252 1082 1312 deditur
1102 1264 1169 1312 atra

236 1354 377 1413 Materies
397 1372 473 1429 opus
495 1364 539 1412 est
559 1365 592 1413 ut
613 1363 746 1412 crescant
766 1363 886 1428 postera
907 1354 1022 1426 saecla3

236 1453 321 1527 Quae
343 1463 442 1510 tamen
463 1453 565 1511 omnia
585 1461 614 1510 te
635 1451 695 1509 vita
716 1451 870 1525 perfuncta
891 1462 1070 1526 sequentu13

237 1551 302 1608 Nec
323 1548 419 1607 minus
442 1567 510 1624 ergo
536 1559 605 1608 ante
626 1549 701 1607 haec
722 1567 811 1622 quam
833 1557 865 1605 tu
887 1546 1030 1619 cecidere,
1053 1547 1217 1624 cadentque.

236 1647 284 1708 Sic
304 1647 365 1705 alid
387 1666 422 1706 ex
446 1646 505 1705 alio
526 1665 687 1721 numquam
709 1644 831 1704 desistet
852 1643 928 1714 oriri,
1170 1661 1219 1720 970

235 1745 362 1819 Vitaque
383 1744 532 1820 mancipio
554 1743 625 1802 nulli
646 1744 741 1815 datur,
764 1741 902 1801 omnibus
923 1762 986 1802 usu.
1184 1740 1190 1751 '

276 1841 404 1918 Respice
425 1841 496 1901 item
517 1861 606 1917 quarn
628 1841 669 1899 nil
690 1841 728 1899 ad
750 1859 804 1899 nos
825 1851 961 1900 anteacta
982 1853 1111 1901 vetustas

236 1939 393 2015 Temporis
414 1939 525 1999 aeterni
545 1937 638 2010 fuerit,
661 1956 752 2013 quam
773 1937 921 1997 nascimur
940 1949 1018 1998 ante.

238 2037 308 2093 Hoc
329 2033 416 2110 igitur
436 2036 588 2110 speculum
610 2032 696 2091 uobis
719 2042 823 2091 natura
843 2031 933 2092 futuri

236 2131 391 2208 Temporis
414 2130 534 2206 exponit
554 2143 621 2208 post
644 2143 769 2190 mortem
790 2130 920 2207 denique
940 2138 1084 2192 nostram'
1172 2146 1218 2206 975

238 2227 392 2304 Numquid
413 2228 454 2287 ibi
476 2227 613 2287 horribile
634 2239 764 2304 apparet,
786 2248 858 2287 num
880 2228 961 2288 triste
982 2227 1098 2288 videtur

238 2324 413 2400 Quicquam,
436 2345 497 2384 non
518 2324 600 2383 omni
621 2343 729 2384 somno
745 2324 880 2383 securius
901 2327 1018 2384 exstat?

276 2426 377 2499 Atque
398 2442 433 2482 ea
454 2421 591 2480 nimirum
612 2441 820 2498 quaecumque
841 2424 1012 2482 Acherunte
1032 2424 1179 2499 profundo

237 2520 357 2581 Prodita
378 2532 446 2580 sunt
468 2540 540 2592 esse,
562 2520 593 2578 in
614 2518 674 2579 vita
694 2532 763 2579 sunt
784 2517 885 2579 omnia
905 2519 1002 2580 nobis.

238 2621 303 2678 Nec
324 2618 412 2677 miser
433 2617 598 2694 inpendens
619 2636 759 2692 magnum
781 2616 866 2676 timet
886 2636 953 2676 aere
974 2636 1079 2676 saxum
1173 2620 1222 2696 980

237 2718 389 2786 Tantalus
412 2725 443 2774 ut
464 2717 578 2787 famam,
600 2733 684 2772 cassa
704 2713 862 2773 formidine
883 2724 1004 2790 torpens
1014 2735 1023 2787 ;

237 2814 296 2873 Sed
316 2812 408 2888 magis
430 2811 460 2869 in
481 2811 541 2870 vita
562 2810 662 2870 divom
683 2822 780 2870 metus
802 2822 885 2887 urget
905 2810 1002 2870 inanis

238 2909 381 2979 Mortalis,
405 2928 564 2983 casumque
585 2907 691 2967 timent
712 2928 802 2984 quem
823 2907 930 2984 cuique
950 2909 1025 2967 ferat
1046 2910 1125 2969 fors:

237 3008 303 3065 Nec
323 3005 433 3082 Tityon
455 3006 589 3064 volucres
610 3003 715 3063 ineunt
736 3005 906 3064 Acherunte
927 3002 1083 3078 iacentem,

237 3105 302 3162 Nec
324 3102 406 3177 qnod
427 3102 482 3159 sub
504 3119 612 3176 magno
634 3112 800 3161 scrutentur
820 3109 940 3177 pectore
961 3099 1124 3177 quicquam
1174 3104 1222 3178 985

237 3203 415 3275 Perpetuam
436 3207 563 3257 aetatem
585 3209 710 3272 possunt
730 3196 857 3274 reperire
878 3199 1021 3273 profecto.

237 3296 408 3373 Quamlibet
428 3293 551 3353 immani
572 3294 706 3371 proiectu
727 3293 857 3370 corporis
879 3304 980 3366 exstet,

238 3392 297 3468 Qui
318 3412 379 3452 non
400 3394 464 3452 sola
484 3411 592 3451 novem
614 3391 755 3467 dispessis
775 3390 873 3468 iugera
894 3391 1035 3451 membris

265 3530 319 3589 962
351 3531 440 3591 gnatis
453 3532 586 3595 Bernays:
603 3531 703 3596 magnis
715 3531 808 3579 Mssa
823 3544 930 3591 magnus
941 3530 973 3576 M
1100 3529 1224 3597 Afur971

199 3618 222 3647 a
233 3615 459 3676 amparagyaph
475 3617 497 3664 is
508 3617 622 3666 marked
632 3617 662 3679 by
678 3614 805 3666 Giussorri
1167 3638 1169 3642 -
