2784 4142
199 362 216 407 2
531 359 562 408 T.
586 358 749 409 LUCRETI
773 360 860 409 CARI

197 510 366 583 Aspergunt
388 525 485 582 neque
506 507 555 564 nix
577 505 636 565 acri
657 518 798 567 concreta
817 507 922 583 pruina

199 606 282 666 Cana
303 604 414 663 cadens
435 603 532 675 violat,
556 621 732 679 semperque
752 603 903 664 innubilus
924 606 1026 666 aether

199 699 316 776 Integit,
339 712 369 759 et
389 701 468 775 large
491 699 597 757 diffuso
618 699 731 758 lumine
748 699 835 759 ridet.

199 796 308 857 Omnia
329 795 500 873 suppeditat
521 816 608 873 porro
630 807 864 874 naturamque
887 801 946 857 ulla
988 841 994 862 r

200 897 260 953 Res
282 892 374 953 animi
395 913 500 970 pacem
522 893 633 953 delibat
655 905 789 970 tempore.
809 893 839 954 in
861 897 931 955 ullo.

199 996 238 1051 At
260 1004 362 1052 contra
384 1012 529 1068 nusquam
550 1003 694 1068 apparent
717 991 878 1051 Acherusia
899 997 1018 1070 templa,

200 1093 264 1150 Nec
286 1091 372 1150 tellus
394 1092 493 1149 obstat
514 1089 586 1165 quin
608 1088 709 1147 omnia
730 1089 931 1165 dispiciantur,

199 1189 259 1248 Sub
281 1187 407 1264 pedibus
430 1206 635 1264 quaecumque
656 1187 731 1245 infra
750 1206 803 1262 per
823 1187 911 1248 inane
932 1201 1079 1266 geruntur.

200 1289 257 1346 His
278 1288 318 1347 ibi
339 1308 388 1348 me
409 1288 495 1346 rebus
517 1289 664 1363 quaedam
686 1285 787 1356 divina
807 1290 944 1365 voluptas

199 1385 325 1462 Percipit
346 1397 434 1460 atque
455 1385 565 1457 horror,
588 1386 670 1460 quod
692 1383 735 1444 sic
756 1396 860 1444 natura
881 1398 931 1446 tua
952 1387 980 1447 vi

198 1487 274 1543 'l'am
295 1481 451 1542 manifesta
472 1494 577 1558 patens
600 1503 636 1542 ex
657 1483 739 1541 omni
760 1496 843 1560 parte
863 1495 974 1546 retecta
995 1499 1048 1548 est.

240 1583 276 1639 Et
298 1577 437 1656 quoniam
461 1578 557 1649 docui,
580 1592 752 1638 cunctarum
775 1582 895 1640 exordia
915 1602 1011 1642 rerum

199 1678 306 1753 Qualia
328 1677 394 1748 sint,
417 1689 447 1737 et
468 1697 557 1753 quam
579 1677 665 1736 variis
687 1678 827 1738 distantia
848 1680 949 1740 formis

199 1780 311 1853 Sponte
332 1796 385 1836 sua
406 1778 530 1835 volitent
550 1786 671 1835 aeterno
692 1776 804 1851 percita
825 1788 917 1850 motu,

200 1877 305 1950 Quove
325 1875 418 1932 modo
440 1873 554 1949 possint
575 1893 621 1933 res
642 1893 678 1933 ex
699 1873 744 1932 his
766 1894 900 1950 quaeque
922 1877 1021 1949 creari,

201 1976 301 2032 Hasce
323 1973 487 2031 secundum
508 1991 554 2030 res
575 1970 667 2029 animi
688 1984 793 2031 natura
814 1971 930 2033 videtur

199 2072 298 2145 Atque
318 2067 434 2127 animae
456 2069 595 2126 claranda
615 2068 690 2128 meis
709 2069 768 2127 iarn
790 2071 921 2132 versibus
942 2092 1016 2148 esse,

199 2167 239 2224 Et
259 2176 355 2224 metus
376 2165 425 2225 ille
446 2167 523 2225 foras
544 2184 686 2241 praeceps
707 2167 886 2226 Acheruntis
907 2173 1048 2245 agendus,

199 2262 345 2322 Funditus
366 2263 527 2320 humanam
549 2261 599 2338 qui
622 2262 712 2321 vitam
734 2264 832 2322 turbat
852 2264 889 2322 ab
911 2265 972 2324 irno

200 2359 308 2417 Omnia
330 2359 502 2417 suffundens
524 2355 626 2417 mortis
647 2356 772 2434 nigrore,
795 2378 893 2436 neque
914 2363 1003 2420 ullam

199 2457 273 2516 Esse
294 2458 476 2532 voluptatem
498 2455 643 2532 liquidam
663 2475 826 2532 puramque
848 2457 993 2534 relinquit,

199 2554 278 2613 Nam
300 2554 381 2629 quod
402 2573 491 2630 saepe
511 2553 647 2613 homines
668 2554 789 2614 morbos
810 2555 902 2630 magis
924 2575 989 2614 esse
1011 2556 1118 2619 timent

200 2651 406 2726 Infamemque
427 2652 524 2709 serunt
546 2649 635 2709 vitam
656 2669 747 2726 quarn
768 2652 893 2710 Tartara
912 2651 986 2723 Leti,

200 2747 239 2803 Et
260 2764 291 2805 se
313 2746 386 2806 scire
406 2745 523 2805 animae
544 2757 678 2805 naturam
700 2745 850 2823 sanguinis
871 2765 936 2807 esse

200 2845 260 2900 Aut
281 2841 370 2901 etiam
391 2842 480 2915 venti,
502 2844 526 2900 si
547 2843 602 2901 sert
623 2841 664 2900 ita
684 2843 760 2902 forte
781 2845 924 2915 voluntas

199 2941 265 3000 Nee
285 2959 418 3016 prorsum
440 2939 597 3016 quicquam
621 2951 739 2999 nostrae
760 2940 881 2999 rationis
904 2960 997 3017 egere,

200 3036 282 3095 Hinc
303 3036 371 3095 licet
392 3037 527 3096 advertas
548 3035 680 3095 animum
702 3038 796 3114 magis
816 3039 918 3098 omnia
939 3041 1033 3100 laudis

200 3134 306 3192 lactari
327 3153 415 3191 causa
436 3153 526 3209 quam
548 3135 630 3209 quod
651 3155 697 3194 res
718 3134 784 3211 ipsa
804 3137 953 3212 probetur.

200 3231 336 3288 Extorres
357 3229 437 3288 idem
457 3229 554 3307 patria
574 3233 722 3308 longeque
742 3233 833 3309 fugati

199 3327 372 3402 Conspectu
393 3345 429 3385 ex
450 3327 612 3401 hominum,
635 3329 746 3388 foedati
768 3330 891 3390 erimine
912 3332 998 3410 turpi,

199 3421 346 3482 Omnibus
367 3422 512 3482 aerumnis
533 3425 641 3483 adfecti
663 3425 801 3501 denique,
823 3427 932 3499 vivunt,

181 3513 226 3569 Et
245 3531 446 3594 quocumque
468 3527 571 3580 tamen
594 3517 696 3579 miseri
715 3538 823 3580 venere
842 3533 1000 3595 parentant

490 3653 525 3689 aa
562 3637 634 3689 ridet
646 3637 730 3689 MSS.
738 3654 751 3686 .·
765 3635 853 3684 rident
865 3634 917 3680 LM
