2784 4142
191 366 213 430 6
525 376 556 425 r.
580 372 743 424 nucunrr
767 373 854 424 caru

194 525 290 601 quue
312 522 366 583 sibi
389 525 482 583 solum
505 543 557 600 per
577 542 609 583 se
631 523 717 599 sapit,
739 523 770 583 id
791 522 847 584 sibi
868 526 985 601 gaudet,
1128 543 1174 604 145
1226 506 1227 519 ἵ

193 622 268 683 Cum
291 639 389 696 neque
409 640 455 680 res
476 620 606 680 animam
627 639 724 696 neque
746 639 852 696 corpus
873 607 1149 719 commovequna,

193 720 231 777 Et
252 717 343 794 quasi,
365 737 434 779 curn
455 728 546 794 caput
565 728 617 777 aut
638 719 742 778 oculus
764 720 929 794 temptan'te
950 722 1054 781 dolore

194 813 333 873 Laeditur
352 814 383 872 in
403 813 498 887 nobis,
521 793 588 873 non·
604 813 686 873 omni
707 815 931 874 concruciamur

193 913 334 986 Corpore,
357 909 399 970 sic
419 911 533 970 animus
551 930 780 988 nonnumquam
801 912 926 971 laeditur
949 915 1015 990 ipse

194 1009 379 1086 Laetitiaque
400 1008 486 1086 viget,
509 1029 577 1071 cum
598 1021 696 1070 cetera
717 1030 784 1087 pars
805 1011 915 1071 animai
1131 1029 1178 1089 15⁰

194 1111 250 1167 Per
271 1107 403 1166 membra
423 1117 513 1182 atque
533 1118 612 1166 artus
633 1110 716 1167 nulla
736 1106 868 1170 novitate
888 1110 1000 1169 cietur:

193 1207 304 1264 Verum
325 1201 375 1262 ubi
396 1203 526 1263 vementi
547 1204 639 1281 magis
661 1216 707 1265 est
727 1216 878 1266 commota
899 1218 979 1266 metu
1001 1225 1094 1278 mens,

195 1301 370 1364 Consentire
392 1300 521 1361 animam
542 1312 635 1362 totam
657 1323 711 1380 per
731 1305 865 1364 membra
884 1303 1029 1378 videmus,

195 1401 381 1474 Sudoresque
403 1398 443 1457 ita
463 1400 667 1475 palloremque
688 1399 811 1460 existere
833 1412 897 1461 toto

196 1499 337 1572 Corpore,
359 1506 389 1556 et
409 1495 525 1573 infringi
546 1494 677 1574 linguam
699 1484 864 1573 vocemque
884 1497 1001 1570 aboriri,
1132 1513 1181 1574 155

195 1594 329 1670 Caligare
350 1596 460 1666 oculos,
483 1603 588 1654 sonere
608 1593 693 1668 auris,
717 1597 869 1657 succidere
889 1607 976 1668 artus,

197 1691 334 1768 Denique
355 1690 511 1751 concidere
533 1692 678 1752 exanimi
700 1704 809 1753 terrore
829 1693 964 1753 videmus

196 1791 290 1865 Saepe
311 1789 465 1863 homines;
486 1789 572 1849 facile
592 1799 625 1849 ut
645 1789 742 1865 quivis
762 1789 832 1849 hinc
852 1810 975 1850 noscere
996 1789 1089 1867 possit

196 1889 270 1946 Esse
291 1884 419 1945 animam
441 1906 509 1945 cum
529 1885 629 1946 animo
649 1885 849 1966 coniunctam,
870 1905 1033 1963 quaecum
1052 1884 1143 1945 animi
1161 1884 1186 1945 vi

197 1989 375 2054 Percussast,
398 1982 475 2044 exim
497 2003 602 2060 corpus
624 1983 761 2060 propellit
779 1995 809 2043 et
830 1982 887 2044 icit.
1134 1986 1187 2043 160

238 2085 325 2141 Haec
346 2081 449 2160 eadem
471 2080 544 2140 ratio
566 2092 701 2140 naturam
723 2079 814 2140 animi
834 2092 925 2157 atque
945 2080 1053 2140 animai

198 2183 378 2257 Corpoream
399 2179 488 2240 docet
509 2198 580 2238 esse.
623 2177 676 2238 ubi
696 2180 777 2239 enim
798 2180 963 2256 propellere
984 2179 1125 2251 membra,

198 2276 351 2354 Corripere
372 2297 408 2337 ex
429 2295 536 2336 somno
558 2294 664 2351 corpus
685 2285 858 2351 mutareque
880 2276 992 2334 vultum

198 2378 297 2451 Atque
317 2373 467 2433 hominem
490 2383 585 2433 toturn
606 2390 706 2448 regere
727 2391 761 2430 ac
782 2390 898 2443 versare
919 2371 1040 2444 videtur,

199 2475 331 2548 Quorum
354 2471 395 2531 nil
416 2469 477 2530 fieri
499 2471 562 2531 sine
582 2480 662 2530 tactu
686 2489 775 2547 posse
796 2468 931 2529 videmus
1136 2472 1187 2545 165

199 2574 264 2630 Nec
285 2581 395 2629 tactum
417 2587 503 2645 porro
525 2567 588 2627 sine
610 2586 743 2643 corpore,
764 2585 865 2626 nonne
889 2567 1071 2626 fatendumst

199 2669 351 2743 Corporea
371 2676 476 2724 natura
495 2663 627 2723 animum
649 2674 784 2723 constare
805 2662 1018 2739 animamque?

200 2768 354 2823 Praeterea
375 2763 481 2839 pariter
504 2761 586 2838 fungi
608 2780 677 2819 cum
699 2780 822 2838 corpore
844 2770 873 2820 et
893 2779 952 2818 una

200 2861 375 2921 Consentire
396 2857 529 2918 animum
549 2857 637 2918 nobis
657 2856 688 2916 in
709 2876 834 2932 corpore
853 2855 956 2916 cernis.

200 2956 230 3017 Si
251 2955 346 3014 minus
368 2953 491 3014 offendit
511 2953 601 3014 vitam
622 2951 666 3012 vis
686 2951 804 3030 horrida
825 2952 875 3013 teli

201 3052 325 3113 Ossibus
346 3070 381 3110 ac
401 3048 497 3110 nervis
518 3048 653 3109 disclusis
674 3048 754 3107 intus
774 3048 888 3117 adacta,

201 3153 359 3208 Attamen
381 3144 543 3224 insequitur
563 3148 685 3223 languor
707 3155 857 3221 terraeque
878 3142 986 3220 petitus

201 3246 311 3317 Suavis,
333 3256 362 3306 et
382 3244 412 3303 in
435 3255 510 3304 terra
531 3242 638 3302 mentis
660 3244 709 3319 qui
730 3240 857 3319 gignitur
877 3252 982 3312 aestus,

202 3344 416 3418 Interdumque
437 3340 520 3417 quasi
542 3339 717 3416 exsurgendi
738 3339 849 3399 incerta
870 3340 1014 3397 voluntas.

202 3444 279 3518 Ergo
300 3459 473 3517 corpoream
494 3450 628 3498 naturam
649 3435 740 3496 animi
762 3454 827 3496 esse
849 3445 1006 3503 necessest,
1138 3452 1193 3511 175

189 3536 352 3612 Comorer‘s
371 3534 517 3613 quoniam
540 3535 607 3597 telis
627 3531 752 3612 ictuque
769 3533 896 3592 laborat.

378 3673 432 3729 ¹73
466 3660 565 3715 Suavis
577 3661 683 3715 MSS·.·
702 3657 798 3724 Segnis
809 3656 860 3705 M:
876 3654 984 3710 suppus
997 3646 1020 3692 L

545 3842 564 3866 Ἰ
660 3844 685 3866 ιι
