2784 4142
230 333 251 394 4
564 331 595 380 τ.
619 331 781 382 Lucnnrr
804 333 891 383 cnm

232 476 325 538 Obliti
347 479 459 539 fontem
480 498 614 540 curarum
635 481 715 540 hunc
736 500 801 542 esse
822 481 968 542 timorem.

233 578 325 634 Hune
347 596 449 636 vexare
469 580 625 654 pudorem,
647 581 728 637 hunc
748 579 866 639 vincula
887 577 1026 639 amicitiai

233 676 382 750 Rumpere
404 685 433 734 et
454 674 485 733 in
506 694 622 734 summa
641 674 783 752 pietatem
805 686 934 736 evertere
957 679 1070 738 suadet.

232 775 309 832 Nam
332 773 390 832 iam
412 793 500 850 saepe
520 773 656 832 homines
676 773 801 850 patriam
824 793 967 851 carosque
988 775 1120 852 parentis
1184 780 1217 852 85

232 870 435 942 Prodiderunt,
457 870 548 930 vitare
569 872 732 931 Acherusia
752 874 863 948 templa
885 884 1029 948 petentes.

232 968 310 1026 Nam
331 967 420 1026 veluti
441 966 524 1043 pueri
544 966 693 1043 trepidant
715 979 805 1045 atque
827 971 928 1029 omnia
949 971 1044 1030 caecis

233 1065 268 1121 In
289 1064 417 1123 tenebris
439 1074 583 1134 metuunt,
607 1063 649 1121 sic
669 1082 725 1122 nos
747 1063 775 1122 in
799 1066 865 1125 luce
886 1065 1025 1125 timemus

232 1161 394 1230 Interdum,
416 1159 478 1219 nilo
499 1171 664 1233 quaesunt
685 1161 847 1220 metuenda
868 1161 960 1237 magis
981 1182 1070 1239 quam

232 1258 316 1331 Quae
336 1256 420 1333 pueri
440 1255 472 1315 in
492 1257 621 1316 tenebris
644 1256 775 1334 pavitant
796 1259 970 1335 finguntque
990 1260 1094 1318 futura.
1187 1282 1224 1337 90

232 1357 324 1413 Hunc
345 1353 431 1430 igitur
451 1364 591 1413 terrorem
612 1354 705 1412 animi
726 1356 923 1430 tenebrasque
944 1369 1095 1416 necessest

232 1453 301 1511 Non
322 1451 395 1510 radii
417 1451 487 1511 solis
509 1470 606 1526 neque
627 1452 727 1511 lucida
748 1453 807 1511 tela
827 1453 887 1512 diei

231 1547 408 1618 Discutiunt,
431 1548 484 1606 sed
506 1549 628 1606 naturae
650 1547 764 1623 species
786 1549 927 1624 ratioque.

271 1644 400 1704 Primum
422 1643 552 1703 animum
575 1642 652 1717 dico,
674 1655 806 1704 mentem
829 1664 917 1721 quam
941 1664 1030 1722 saepe
1050 1666 1202 1721 vocamus,

193 1789 201 1801 .
231 1742 267 1799 In
290 1760 350 1818 quo
370 1741 525 1800 consilium
548 1739 625 1799 vitae
646 1740 837 1817 regimenque
858 1742 988 1800 locatum
1010 1754 1062 1815 est,
1188 1764 1225 1822 95

231 1840 305 1897 Esse
325 1837 452 1896 hominis
473 1848 588 1913 partem
610 1836 671 1896 nilo
693 1837 790 1896 minus
811 1857 846 1896 ac
867 1857 973 1898 manus
995 1849 1024 1899 et
1045 1859 1099 1917 pes

230 1938 330 2013 Atque
351 1935 429 1996 oculi
449 1947 546 2011 partes
566 1933 724 1993 animantis
745 1933 835 1993 totius
856 1947 964 1993 extant.

230 2133 354 2191 Sensum
375 2128 466 2188 animi
486 2140 566 2189 certa
587 2148 649 2187 non
670 2148 734 2189 esse
756 2129 787 2189 in
807 2141 890 2206 parte
911 2132 1052 2204 locatum,

229 2232 339 2288 Verum
360 2226 493 2287 habitum
515 2228 667 2304 quendam
687 2228 808 2288 vitalem
829 2227 960 2306 corporis
982 2249 1054 2302 esse,

230 2324 426 2385 Harmoniam
448 2324 519 2385 Grai
540 2343 628 2401 quam
650 2324 763 2398 dicunt,
785 2327 867 2402 quod
888 2327 975 2386 faciat
996 2347 1052 2388 nos
1169 2352 1226 2389 100

228 2422 336 2482 Vivere
357 2440 424 2480 cum
446 2439 543 2491 sensu,
566 2421 646 2478 nulla
668 2440 736 2480 cum
757 2421 787 2480 in
809 2433 892 2498 parte
913 2421 967 2483 siet
990 2443 1082 2484 mens.

229 2523 274 2582 Ut
294 2521 373 2580 bona
394 2537 482 2594 saepe
503 2519 643 2576 valetudo
665 2537 733 2576 cum
755 2517 862 2579 dicitur
882 2538 948 2579 esse

229 2615 380 2693 Corporis,
401 2627 431 2675 et
452 2634 513 2674 non
534 2625 579 2675 est
599 2626 701 2674 tamen
722 2617 797 2676 haec
818 2635 886 2692 pars
906 2618 966 2675 ulla
986 2617 1120 2690 valentis,

229 2712 276 2773 Sic
297 2711 388 2772 animi
409 2731 528 2772 sensum
549 2731 611 2772 non
633 2723 714 2772 certa
733 2723 816 2789 parte
837 2725 1006 2788 reponunt3

230 2813 344 2888 Magno
365 2830 455 2887 opere
475 2811 506 2870 in
528 2830 588 2887 quo
608 2810 650 2871 mi
670 2809 779 2870 diversi
800 2831 895 2870 errare
915 2811 1061 2872 videntur.
1170 2833 1225 2893 105

229 2912 324 2985 Saepe
345 2908 453 2983 itaque,
476 2908 506 2965 in
528 2919 667 2984 promptu
690 2925 798 2983 corpus
820 2908 901 2982 quod
923 2908 1057 2978 cemitur‚
1080 2921 1190 2986 aegret,

230 3006 306 3066 Cum
329 3017 428 3064 tamen
451 3024 486 3064 ex
506 3004 564 3063 alia
584 3005 729 3064 laetamur
748 3015 832 3081 parte
852 3005 956 3065 latenti
965 3027 975 3079 3

231 3106 270 3162 Et
290 3113 367 3162 retro
389 3105 420 3161 fit
441 3102 484 3162 uti
506 3114 608 3161 contra
629 3101 665 3160 sit
687 3120 776 3178 saepe
798 3101 936 3177 vicissim,

231 3201 308 3261 Cum
330 3199 419 3259 miser
438 3219 474 3258 ex
495 3199 595 3258 animo
617 3200 742 3258 laetatur
763 3219 886 3276 corpore
908 3210 990 3273 toto;

232 3300 300 3355 Non
322 3295 380 3356 alio
401 3307 490 3372 pacto
511 3315 600 3371 quam
622 3295 655 3366 si,
677 3313 732 3371 pes
753 3314 821 3353 cum
842 3295 924 3354 dolet
945 3295 1032 3371 aegri,
1172 3322 1230 3361 110

231 3397 267 3454 ln
289 3394 370 3454 nullo
392 3404 480 3470 caput
501 3392 612 3452 interea
633 3393 670 3452 sit
691 3394 766 3452 sorte
788 3395 899 3453 dolore.

263 3513 345 3573 Aster
349 3527 386 3577 97
395 3529 415 3560 a
426 3529 495 3564 verre
504 3515 529 3566 is
540 3515 594 3576 lost,
610 3513 672 3565 such
689 3530 717 3563 as
732 3513 893 3579 Quamquam
906 3530 998 3578 ΜΨ
1011 3516 1113 3578 ‘tamem
1130 3520 1229 3583 sapien·

196 3592 253 3633 tum
271 3591 346 3641 rurba
359 3601 490 3659 putarunt
