2784 4142
445 1075 491 1150 T.
532 1079 777 1153 LUCRETI
818 1081 946 1156 CARI

324 1319 421 1410 DE
468 1321 719 1416 RERUM
770 1321 1068 1417 NATURA

492 1565 635 1629 Lmnn
666 1567 886 1632 TERTIUS.

191 1791 217 1847 E
238 1789 368 1849 tenebris
389 1790 478 1849 tantis
499 1800 560 1849 tam
581 1792 693 1849 clarum
715 1792 854 1851 extollere
875 1793 976 1851 lumen
1051 1782 1053 1786 Α

190 1885 251 1959 Qui
271 1887 384 1960 primus
405 1886 528 1962 potuisti
549 1886 708 1946 inlustrans
728 1889 888 1947 commoda
907 1887 993 1960 vitae,

159 2035 161 2039 ,
189 1982 235 2039 Te
256 1999 371 2056 sequor,
394 2001 414 2042 o
434 1983 541 2042 Graiae
561 1983 657 2058 gentis
678 1985 779 2052 decus,
801 1983 891 2058 inque
912 1984 969 2042 tuis
992 2003 1071 2042 nunc

189 2076 273 2134 Ficta
294 2077 407 2150 pedum
427 2096 508 2152 pono
530 2077 637 2152 pressis
658 2077 780 2152 vestigia
801 2077 900 2154 signis,

189 2171 261 2229 Non
281 2169 323 2228 ita
344 2172 476 2230 certandi
497 2172 621 2248 cupidus
642 2191 732 2248 quam
753 2185 875 2249 propter
896 2193 1028 2234 amorem
1164 2194 1180 2253 5

188 2266 281 2340 Quod
302 2277 332 2326 te
352 2265 460 2325 imitari
481 2286 555 2327 aveo
566 2288 575 2340 ;
596 2267 668 2343 quid
690 2268 770 2327 enim
791 2271 953 2329 contendat
975 2269 1102 2331 hirundo
1163 2310 1166 2316 -

189 2364 306 2441 Cycnis‚
329 2376 380 2423 aut
401 2363 545 2440 quidnam
567 2364 696 2424 tremulis
718 2367 813 2425 facere
834 2367 955 2426 artubus
977 2367 1065 2427 haedi
1158 2412 1162 2418 ι

188 2459 354 2521 Consimile
375 2460 406 2518 in
427 2481 513 2520 cursu
535 2461 650 2538 possint
672 2472 702 2522 et
724 2461 806 2521 sortis
828 2462 899 2537 equi
920 2462 986 2521 vis?

188 2560 246 2628 Tu,
266 2569 358 2633 pater,
382 2577 414 2617 es
434 2577 531 2617 rerum
551 2559 696 2630 inventor,
719 2570 751 2618 tu
772 2558 867 2636 patria
888 2560 975 2619 nobis

187 2655 368 2730 Suppeditas
389 2667 556 2731 praecepta,
579 2655 697 2731 tuisque
718 2676 762 2730 ex,
784 2657 904 2728 inclute,
927 2656 1042 2727 chartis,
1149 2679 1184 2716 10

188 2750 336 2811 Floriferis
357 2762 390 2809 ut
410 2770 482 2827 apes
503 2751 534 2809 in
556 2751 677 2810 saltibus
700 2751 800 2810 omnia
820 2752 923 2824 libant,

187 2847 298 2908 Omnia
318 2866 375 2906 nos
395 2846 498 2906 itidem
520 2846 709 2923 depascimur
728 2867 817 2906 aurea
838 2847 926 2921 dicta,

186 2948 294 3018 Aurea,
316 2953 460 3021 perpetua
480 2962 596 3020 semper
617 2944 791 3020 dignissima
811 2944 879 3003 vita

187 3043 266 3098 Nam
288 3039 376 3098 simul
398 3058 433 3098 ac
454 3041 527 3097 ratio
549 3049 599 3098 tua
620 3040 721 3114 eoepit
742 3040 895 3099 vociferari

187 3140 331 3197 Naturam
352 3155 458 3210 rerum,
482 3136 581 3195 divina
603 3150 703 3198 mente
725 3150 835 3211 coorta,

188 3232 354 3310 Diffugiunt
375 3231 465 3291 animi
486 3243 617 3306 terroreS,
640 3234 760 3294 moenia
780 3234 884 3293 mundi

187 3329 364 3402 Discedunt,
386 3339 481 3387 totum
503 3329 591 3388 video
611 3349 665 3405 per
685 3329 774 3389 inane
794 3330 854 3406 geri
876 3349 928 3388 res.

186 3429 319 3504 Apparet
340 3423 441 3485 divum
460 3444 573 3485 numen
595 3427 746 3506 sedesque
768 3427 903 3507 quietae,

180 3525 260 3595 Quas
278 3539 380 3595 neque
400 3525 585 3588 concutiunt
606 3531 693 3592 venti
717 3550 782 3592 nec
803 3528 918 3591 nubila
936 3524 1063 3585 numnis

235 3645 265 3685 n.
282 3644 308 3686 L.
326 3648 372 3688 m.
1163 3646 1188 3683 ῑ
