2784 4142
373 373 424 422 DE
448 374 581 426 RERUM
606 375 762 426 NATURA
786 377 897 426 LIBER
921 379 972 427 III.
1128 379 1165 446 35

169 520 270 596 Atque
291 519 383 579 animi
405 520 518 581 incerto
539 521 657 581 fluitans
678 542 776 582 errore
796 522 928 598 vagaris!

208 617 238 677 Si
260 629 382 693 possent
403 617 547 693 homines,
571 619 696 695 proinde
717 618 882 698 aclsentire
902 619 1040 680 videntur

170 717 291 774 Pondus
312 714 409 774 inesse
430 717 531 776 animo
553 718 635 793 quod
657 737 688 777 se
709 717 850 794 gravitate
871 719 983 795 fatiget,

170 814 194 871 E
215 812 323 888 quibus
344 812 375 871 id
396 815 447 872 fiat
469 813 565 872 causis
586 833 708 889 quoque
730 834 853 874 noscere
874 827 904 874 et
925 816 1006 875 unde
1092 835 1165 894 1055

169 911 266 969 Tanta
288 909 360 970 mali
380 921 533 984 tamquam
556 913 649 995 moles
670 911 700 970 in
723 924 845 988 pectore
866 922 992 981 constet,

171 1009 263 1067 Haud
286 1008 326 1067 ita
347 1008 437 1067 vitam
459 1019 588 1084 agerent,
611 1019 642 1080 ut
665 1028 745 1066 nunc
767 1010 941 1084 plerumque
962 1007 1096 1068 videmus

170 1105 251 1178 Quid
273 1103 329 1163 sibi
352 1104 477 1180 quisque
498 1104 567 1164 velit
589 1088 711 1177 descire,
734 1117 764 1164 et
785 1125 926 1180 quaerere
948 1124 1065 1181 semper

170 1204 360 1263 Commutare
381 1204 480 1261 locum
502 1201 587 1278 quasi
609 1222 685 1261 onus
707 1203 859 1278 deponere
880 1201 983 1278 p0ssit.

170 1297 237 1357 Exit
259 1317 349 1374 saepe
370 1301 447 1359 foras
468 1300 583 1377 magnis
604 1319 640 1359 ex
662 1298 786 1359 aedibus
807 1299 865 1370 ille,
1091 1302 1168 1356 1060

169 1400 242 1456 Esse
264 1397 347 1456 domi
368 1417 456 1472 quem
478 1408 683 1474 pertaesumst,
707 1396 866 1473 subitoque
887 1396 1012 1468 revertit,

168 1495 291 1572 Quippe
311 1494 381 1554 foris
402 1494 463 1554 nilo
486 1495 590 1555 melius
612 1495 663 1571 qui
685 1494 792 1555 sentiat
812 1516 884 1555 esse.

168 1591 267 1653 Currit
288 1612 378 1670 agens
399 1612 526 1652 mannos
548 1593 587 1651 ad
609 1593 707 1652 villam
729 1593 965 1669 praecipitanter,

168 1689 318 1749 Auxilium
341 1689 425 1750 tectis
448 1689 531 1766 quasi
553 1691 625 1750 ferre
646 1689 820 1749 ardentibus
841 1689 954 1749 instans
965 1713 973 1763 3

168 1787 285 1847 Oscitat
306 1789 462 1863 externplo,
485 1786 579 1863 tetigit
601 1807 669 1846 cum
690 1787 793 1846 limina
813 1787 900 1847 villae
909 1810 919 1862 3
1091 1794 1164 1866 1065

166 1889 228 1944 Aut
249 1884 311 1944 abit
332 1883 362 1943 in
383 1904 521 1943 somnum
543 1886 637 1961 gravis
658 1896 749 1961 atque
770 1885 880 1946 oblivia
901 1886 1024 1962 quaerit,

166 1985 227 2041 Aut
249 1980 338 2041 etiam
360 1999 522 2057 properans
543 1983 647 2040 urbem
668 1981 744 2057 petit
764 1994 856 2058 atque
877 1981 982 2042 revisit.

168 2081 240 2139 Hoc
262 2098 294 2138 se
315 2077 440 2154 quisque
462 2077 553 2136 modo
574 2077 664 2154 fugit,
686 2090 716 2137 at
737 2098 827 2155 quem
849 2079 969 2154 scilicet,
993 2091 1024 2139 ut
1044 2082 1085 2153 fit,

168 2178 307 2251 Effugere
327 2175 408 2233 haud
429 2173 508 2250 potis
530 2187 583 2247 est,
606 2174 727 2252 ingratis
748 2177 851 2236 haeret
872 2188 901 2236 et
923 2178 987 2237 odit

167 2276 337 2348 Propterea,
360 2271 456 2331 morbi
473 2272 547 2348 quia
568 2291 688 2332 causam
709 2293 771 2333 non
792 2285 874 2334 tenet
895 2294 1001 2352 aeger;
1091 2293 1167 2351 1070

167 2374 268 2447 Quam
289 2372 366 2431 bene
388 2369 412 2429 si
433 2369 540 2442 videat,
562 2371 621 2429 iarn
643 2373 730 2431 rebus
751 2373 878 2449 quisque
898 2373 1006 2434 relictis

168 2470 312 2527 Naturam
333 2469 460 2544 primum
482 2469 599 2528 studeat
620 2488 800 2546 cognoscere
821 2490 927 2543 rerum,

167 2565 326 2642 Temporis
348 2564 459 2625 aeterni
479 2565 629 2640 quoniam,
652 2585 714 2625 non
735 2565 821 2626 unius
843 2568 941 2640 horae,

167 2662 337 2739 Ambigitur
358 2672 459 2734 status,
482 2661 513 2720 in
535 2682 595 2739 quo
616 2662 653 2722 sit
675 2663 847 2723 mortalibus
868 2663 966 2723 omnis

168 2766 268 2831 Aetas,
290 2772 358 2838 post
380 2769 505 2818 mortem
527 2778 603 2834 quae
623 2770 714 2819 restat
735 2780 863 2836 cumque
885 2763 1041 2822 manenda.
1090 2779 1163 2839 1075

209 2859 348 2934 Denique
369 2868 452 2917 tanto
473 2876 564 2933 opere
585 2857 616 2915 in
637 2857 736 2917 dubiis
758 2857 905 2933 trepidare
927 2859 1044 2935 periclis

168 2960 254 3034 Quae
275 2957 353 3015 mala
374 2974 428 3015 nos
450 2954 557 3032 subigit
579 2954 648 3014 vitai
670 2966 753 3032 tanta
773 2956 909 3032 cupido?

168 3060 257 3120 Certa
278 3054 400 3131 quidem
422 3052 489 3112 finis
509 3051 588 3112 vitae
609 3053 784 3113 mortalibus
805 3055 910 3125 adstat,

169 3155 233 3214 Nec
254 3151 378 3212 devitari
398 3153 491 3211 letum
512 3160 584 3226 pote
604 3149 676 3226 quin
697 3152 849 3211 obeamus.

168 3256 323 3312 Praeterea
343 3268 491 3309 versamur
512 3247 624 3308 ibidem
646 3260 736 3324 atque
757 3248 890 3309 insumus
911 3269 1013 3326 usque,
1089 3255 1165 3310 1080

169 3351 233 3409 Nec
254 3366 334 3406 nova
351 3345 481 3405 vivendo
502 3347 675 3421 procuditur
699 3347 759 3404 ulla
779 3349 922 3422 voluptas.

167 3446 224 3506 Sed
245 3445 317 3505 dum
339 3446 424 3504 abest
445 3443 527 3518 quod
548 3462 678 3517 avernus,
700 3442 733 3503 id
754 3438 929 3520 exsuperare
950 3443 1065 3504 videtur

310 3624 382 3681 1068,
399 3627 463 3695 1069
499 3628 595 3697 fugitat
607 3630 736 3704 Madvig:
752 3619 1010 3698 tugitkat—baereb
1023 3619 1054 3663 M

1078 3717 1165 3782 Ψ
1243 3696 1245 3700 ”
