2784 4142
206 355 246 415 28
537 367 567 416 T.
591 362 754 418 Lucrum
777 367 863 416 cunr

205 513 456 590 Quandoquidem
477 524 581 572 natura
601 510 692 571 animi
714 512 846 571 mortalis
868 514 1002 572 habetur.

204 612 244 668 Et
264 609 344 669 velut
364 619 501 669 anteacto
523 609 564 666 nil
586 622 720 684 tempore
742 609 887 668 sensimus
908 610 995 684 aegri,

204 707 252 765 Ad
273 704 492 782 confligendum
513 705 699 765 venientibus
721 707 856 783 undique
878 707 996 778 Poenis,

205 800 314 861 Omnia
333 821 401 861 cum
423 801 492 860 belli
514 801 628 878 trepido
649 822 796 861 concussa
816 804 944 861 tumultu

205 899 334 958 Horrida
354 911 558 958 contremuere
579 899 633 957 sub
655 898 722 958 altis
744 899 869 958 aetheris
892 899 958 970 oris,
1138 902 1187 974 835

205 1000 241 1055 Iu
262 996 414 1074 dubioque
434 998 515 1056 suere
536 1007 665 1054 utrorum
687 997 726 1055 ad
748 1015 838 1072 regna
858 996 1028 1056 cadendum

204 1093 350 1153 Omnibus
371 1092 507 1151 humanis
529 1102 607 1151 esset
629 1103 763 1168 terraque
784 1082 926 1168 marique,

203 1189 258 1262 Sic,
280 1188 332 1248 ubi
352 1209 413 1249 non
435 1183 550 1262 erimus,
573 1207 643 1247 cum
664 1187 797 1264 corporis
818 1199 908 1263 atque
929 1187 1039 1248 animai

204 1284 368 1345 Discidium
389 1286 475 1346 fuerit
496 1285 602 1362 quibus
621 1304 638 1345 e
660 1305 761 1344 sumus
783 1284 881 1344 uniter
901 1285 972 1361 apti,

203 1382 320 1443 Scilicet
340 1384 419 1442 haud
441 1383 527 1442 nobis
550 1381 791 1458 quicquam„qui
814 1402 875 1441 non
896 1381 1005 1442 erimus
1027 1392 1098 1454 tum,
1138 1385 1191 1456 840

203 1479 346 1539 Accidere
368 1478 490 1540 omnino
510 1480 619 1558 poterit
640 1500 821 1556 sensumque
841 1499 970 1551 movere,

204 1578 277 1659 Non
294 1575 320 1636 si
339 1587 415 1636 terra
437 1575 508 1635 mari
530 1575 701 1636 miscebitur
721 1588 751 1635 et
773 1597 852 1637 mare
873 1578 964 1635 caelo.

204 1676 256 1752 (Et
276 1675 300 1732 si
320 1673 379 1731 iam
401 1684 502 1732 nostro
523 1673 612 1733 sentit
633 1675 671 1734 de
692 1693 817 1749 corpore
838 1685 997 1749 postquam
1049 1705 1054 1713 ·

204 1769 377 1829 Distractast
398 1769 488 1830 animi
509 1784 615 1830 natura
635 1769 813 1858 animaeque
834 1780 975 1846 potestas,

203 1868 253 1927 Nil
274 1879 374 1927 tamen
395 1878 440 1926 est
460 1868 498 1926 ad
520 1886 585 1942 nos,
608 1867 659 1942 qui
680 1878 803 1942 comptu
825 1865 1023 1942 coniugioque
1138 1871 1189 1944 845

203 1963 340 2041 Corporis
362 1974 451 2040 atque
473 1963 590 2023 animae
612 1962 800 2023 consistimus
822 1963 918 2022 uniter
938 1962 1008 2038 apti.

203 2064 276 2135 Nec,
300 2062 322 2120 si
345 2059 495 2120 materiem
519 2071 649 2120 nostram
670 2059 821 2136 collegerit
841 2070 922 2119 aetas

202 2162 273 2218 Post
294 2158 407 2218 obitum
428 2177 601 2233 rursumque
621 2158 765 2233 redegerit
786 2168 818 2216 ut
839 2157 896 2216 sita
916 2177 995 2217 nunc
1016 2169 1070 2230 est,

204 2259 299 2332 Atque
320 2256 424 2315 iterum
446 2255 533 2342 nobis
555 2255 662 2315 luerint
684 2255 754 2314 data
774 2253 886 2314 lumina
907 2253 992 2325 vitae,

201 2355 349 2415 Pertineat
368 2355 527 2430 quicquam
544 2365 644 2413 tamen
664 2353 703 2411 ad
722 2372 777 2412 uos
797 2351 828 2411 id
846 2371 964 2429 quoque
984 2354 1104 2425 factum,
1137 2357 1191 2431 850

202 2454 368 2529 Interrupta
389 2453 481 2513 semel
501 2470 569 2510 cum
592 2452 628 2509 sit
649 2449 815 2525 repetentia
835 2449 935 2535 nostri.

203 2551 239 2608 Et
261 2570 340 2626 nunc
361 2550 402 2609 nil
424 2551 462 2609 ad
483 2568 538 2608 nos
561 2549 598 2607 de
620 2547 708 2607 nobis
729 2547 843 2616 attinet,
865 2558 935 2608 ante

168 2679 173 2695 ι
202 2648 262 2723 Qui
282 2647 399 2719 fuimus,
422 2666 520 2724 neque
540 2645 600 2705 iam
622 2646 660 2705 de
681 2645 738 2705 illis
760 2666 815 2706 nos
837 2645 938 2705 adficit
959 2667 1059 2724 angor.

212 2747 279 2802 lam
302 2763 370 2803 cum
391 2744 529 2820 respicias
550 2742 676 2801 inmensi
699 2743 838 2820 temporis
859 2762 951 2802 omne

208 2839 392 2900 Rraeteritum
414 2838 553 2918 spatium
574 2850 636 2896 tum
659 2848 757 2898 motus
779 2839 910 2898 materiai
1137 2845 1189 2918 855

168 2944 176 2964 '
203 2935 388 2994 Multimodis
409 2954 500 3011 quam
521 2934 588 3004 sint,
612 2933 696 2992 facile
717 2934 776 2991 hoc
796 2934 955 2993 adcredere
976 2935 1081 3011 possis

200 3031 319 3091 Semina
340 3049 428 3107 saepe
450 3030 480 3088 in
503 3030 618 3100 eodem,
641 3040 673 3088 ut
695 3048 775 3088 nunc
795 3041 873 3101 sunt,
895 3029 1000 3089 ordine
1022 3043 1107 3107 posta

201 3129 288 3188 Haec
309 3129 423 3199 eadem,
445 3128 552 3203 quibus
574 3146 591 3185 e
612 3144 692 3184 nunc
714 3144 769 3185 nos
790 3145 900 3197 sumus,
923 3137 992 3185 ante
1011 3128 1107 3187 fuisse.

200 3228 265 3287 Nec
287 3223 409 3284 memori
430 3235 530 3283 tamen
551 3222 582 3282 id
604 3223 721 3300 quimus
743 3223 959 3299 reprehendere
984 3234 1103 3296 mente3

201 3324 283 3382 Inter
302 3319 382 3380 enim
402 3318 507 3378 iectast
528 3319 598 3379 vitai
619 3338 721 3394 pausa,
743 3338 876 3395 vageque
1136 3321 1191 3376 860

199 3421 378 3480 Deerrarunt
399 3416 508 3494 passim
531 3428 628 3476 motus
649 3418 686 3475 ab
708 3416 843 3475 sensibus
865 3417 994 3495 omnes.)

184 3513 292 3570 Debet
310 3513 400 3588 enim,
426 3514 537 3599 misere
558 3513 583 3574 si
605 3515 682 3575 sorte
703 3531 852 3590 aegreque
868 3514 1037 3583 luturumst‚

356 3635 498 3698 343-861Ι
517 3655 564 3690 are
571 3638 667 3705 placed
679 3639 710 3687 iu
722 3636 764 3686 tua
777 3634 873 3685 bracket
884 3634 914 3694 by
929 3631 1029 3690 Br'uger
