2784 4142
230 372 252 436 6
564 382 594 431 r.
619 378 782 430 Lucrum
806 380 893 430 cnm

233 532 329 606 quue
351 529 405 590 sibi
428 531 521 589 solum
544 549 596 606 per
616 548 648 590 se
670 529 756 605 sapit,
778 530 809 589 id
830 529 886 590 sibi
907 533 1024 607 gaudet,
1169 551 1217 611 145

232 629 307 689 Cum
330 646 428 702 neque
449 645 494 687 res
515 627 644 686 animam
665 645 763 702 neque
785 646 890 702 corpus
911 615 1191 725 commovegunaj

232 726 270 783 Et
292 723 382 800 quasi,
404 743 472 784 cum
494 736 584 800 caput
604 734 655 784 aut
676 725 780 784 oculus
802 726 967 801 temptante
988 729 1093 788 dolore

233 819 372 879 Laeditur
391 820 422 879 in
442 819 536 893 nobis,
559 799 627 879 non·
642 820 724 879 omni
746 821 968 880 concruciamur

233 919 373 992 Corpore,
395 915 437 976 sic
458 917 572 976 animus
590 936 818 993 nonnumquam
840 918 964 977 laeditur
987 922 1053 995 ipse

233 1015 417 1092 Laetitiaque
438 1015 524 1092 viget,
547 1035 616 1076 cum
636 1027 734 1076 cetera
755 1036 823 1092 pars
843 1018 953 1077 animai
1171 1037 1219 1096 150

233 1118 289 1174 Per
309 1113 442 1173 membra
461 1124 551 1188 atque
572 1123 651 1172 artus
672 1116 754 1173 nulla
775 1113 906 1175 novitate
926 1117 1038 1175 cietur:

232 1213 343 1270 Verum
364 1207 414 1269 ubi
435 1209 564 1270 vementi
585 1210 678 1287 magis
699 1222 745 1272 est
765 1222 917 1272 commota
937 1223 1017 1272 metu
1039 1232 1132 1283 mens,

234 1306 409 1370 Consentire
430 1306 559 1368 animam
581 1318 674 1368 totam
696 1329 749 1386 per
770 1310 903 1371 membra
922 1309 1067 1384 videmus,

233 1406 420 1480 Sudoresque
441 1404 482 1464 ita
502 1406 706 1482 palloremque
727 1400 850 1466 existere
871 1417 936 1467 toto

234 1505 375 1578 Corpore,
397 1513 427 1563 et
447 1501 563 1580 infringi
584 1501 716 1580 linguam
738 1491 902 1580 vocemque
922 1503 1039 1577 aboriri,
1171 1520 1220 1580 ι55

234 1599 367 1676 Caligare
388 1602 499 1673 oculos,
521 1609 627 1660 sonere
647 1599 732 1674 auris,
755 1603 907 1662 succidere
927 1613 1014 1675 artus,

235 1697 372 1774 Denique
393 1696 550 1757 concidere
572 1697 717 1758 exanimi
738 1710 847 1759 terrore
867 1699 1002 1759 videmus

234 1797 329 1871 Saepe
349 1794 504 1868 homines3
524 1794 610 1855 facile
631 1806 663 1854 ut
684 1795 780 1872 quivis
800 1795 870 1856 hinc
891 1816 1012 1857 noscere
1034 1796 1127 1874 possit

235 1895 309 1952 Esse
329 1891 457 1951 animam
479 1912 547 1951 cum
567 1891 667 1952 auimo
687 1891 887 1973 coniunctam,
907 1912 1072 1969 quaecum
1090 1891 1180 1953 animi
1198 1891 1224 1951 vi

235 1994 413 2061 Percussast,
436 1988 513 2050 exim
534 2009 641 2066 corpus
662 1989 799 2066 propellit
817 2001 847 2049 et
868 1988 926 2050 icit.
1172 1993 1224 2049 160
1249 2006 1252 2013 ’

276 2090 363 2147 Haec
385 2087 488 2166 eadem
508 2085 582 2146 ratio
604 2098 739 2146 naturam
761 2085 852 2146 animi
873 2098 963 2163 atque
983 2087 1092 2147 animai

236 2188 416 2262 Corpoream
437 2186 526 2245 docet
547 2203 618 2245 esse.
662 2184 714 2244 ubi
735 2186 815 2244 enim
836 2187 1001 2262 propellere
1023 2186 1163 2257 membra,

236 2282 389 2359 Corripere
410 2302 446 2342 ex
467 2301 575 2342 somno
596 2300 703 2356 corpus
724 2291 896 2358 mutareque
918 2282 1030 2340 vultum

236 2383 335 2456 Atque
355 2380 504 2438 hominem
528 2389 623 2439 totum
644 2396 744 2455 regere
765 2397 800 2437 ac
821 2396 936 2450 versare
956 2377 1079 2450 videtur,

237 2479 369 2553 Quorum
392 2477 433 2536 nil
454 2475 515 2537 fieri
537 2476 600 2536 sine
620 2487 701 2536 tactu
724 2495 813 2553 posse
834 2475 969 2536 videmus
1174 2479 1223 2551 165

237 2578 302 2634 Nec
322 2587 433 2634 tactum
455 2593 542 2650 porro
563 2572 626 2633 sine
647 2592 781 2649 corpore,
802 2592 903 2632 nonne
927 2573 1109 2632 fatendumst

237 2673 389 2748 Corporea
408 2681 514 2730 natura
533 2670 665 2729 animum
686 2681 822 2729 constare
843 2669 1056 2745 animamque?

238 2772 392 2828 Praeterea
412 2768 520 2844 pariter
542 2767 624 2844 fungi
646 2786 715 2826 cum
736 2786 860 2844 corpore
882 2776 911 2826 et
932 2785 990 2825 una

238 2867 413 2927 Consentire
433 2862 567 2924 animum
587 2862 675 2923 uobis
694 2862 726 2922 in
747 2882 872 2939 corpore
891 2862 994 2922 cernis.

238 2961 267 3022 Si
289 2960 385 3019 minus
405 2959 529 3021 offendit
549 2959 639 3020 vitam
660 2957 704 3018 vis
724 2957 842 3036 horrida
863 2958 913 3019 teli

239 3056 363 3118 Ossibus
384 3076 419 3116 ac
439 3054 535 3117 nervis
556 3054 691 3115 disclusis
712 3053 791 3113 intus
812 3054 926 3123 adacta,

239 3157 278 3213 At
298 3164 397 3213 tamen
418 3150 581 3228 insequitur
593 3140 723 3228 'languor
744 3161 895 3227 terraeque
916 3148 1024 3226 petitus

238 3251 348 3322 Suavis,
371 3260 400 3310 et
420 3249 450 3308 iu
472 3260 547 3308 terra
568 3247 675 3308 mentis
697 3250 746 3324 qui
769 3247 895 3325 gignitur
915 3257 1020 3318 aestus,

240 3349 454 3424 Interdumque
474 3345 558 3422 quasi
580 3345 755 3422 exsurgendi
776 3345 888 3405 incerta
908 3346 1052 3403 voluntas.

232 3449 313 3519 Ergo
333 3464 508 3520 corpoream
530 3455 665 3504 naturam
687 3441 778 3502 animi
800 3461 864 3502 esse
887 3451 1044 3510 necessest,
1177 3459 1208 3515 17

212 3536 379 3610 Corporer's
400 3540 550 3615 quoniam
576 3542 643 3604 telis
666 3539 793 3618 ictuque
811 3540 940 3599 laborat„

412 3677 461 3728 ¹73
503 3667 602 3719 Suavis
614 3669 722 3722 MSS..·
743 3666 842 3732 Segnis
855 3665 902 3713 lli:
921 3662 1029 3720 Suppus
1042 3656 1062 3702 L
