2784 4142
243 372 285 434 24
575 369 605 418 T.
630 367 791 419 Lucrum
816 367 902 416 cnm

244 516 416 588 Particulae‚
439 514 546 591 quibus
567 515 641 574 haec
662 512 755 573 animi
775 524 879 572 natura
899 525 1022 586 creatur,

244 617 329 689 Quae
350 613 480 672 nuncin
502 623 603 672 nostro
625 611 794 671 dominatur
814 630 947 687 corpore,
969 623 1041 671 nata

245 711 359 769 Exilia
380 729 456 786 quae
477 722 539 769 tum
561 708 648 785 periit
668 708 776 784 partita
796 728 848 785 per
870 721 956 768 artus
1174 726 1218 784 71⁰

245 810 433 883 Quapropter
452 824 550 882 neque
570 804 661 863 natali
682 805 794 881 privata
815 805 930 864 videtur

245 907 319 964 Esse
340 905 388 963 die
409 914 513 962 natura
534 901 650 961 animae
672 921 728 961 nec
749 904 860 962 funeris
882 921 994 979 expers.

285 1001 404 1061 Semina
423 1010 575 1076 praeterea
595 997 767 1073 linquuntur
788 1017 884 1058 necne
905 998 1014 1058 animai

246 1099 376 1174 Corpore
398 1099 428 1155 in
449 1095 608 1156 exanimo?
631 1096 714 1171 quod
735 1095 759 1153 si
780 1094 953 1171 linquuntur
974 1106 1003 1155 et
1024 1095 1131 1167 insunt,

249 1196 340 1254 Haud
360 1193 413 1253 erit
438 1204 470 1251 ut
491 1191 597 1252 merito
617 1190 780 1250 inmortalis
801 1191 896 1268 possit
917 1191 1029 1264 haberi,
1175 1205 1217 1264 715

247 1290 380 1351 Partibus
400 1289 515 1349 amissis
536 1288 678 1365 quoniam
699 1288 789 1349 libata
810 1288 938 1348 recessit.

247 1387 297 1446 Sin
317 1386 358 1446 ita
378 1386 497 1445 sinceris
518 1385 657 1445 membris
678 1387 777 1445 ablata
796 1385 925 1463 profugit

246 1486 290 1543 Ut
310 1483 405 1541 nullas
426 1481 515 1558 partis
535 1480 567 1539 in
588 1499 711 1557 corpore
732 1481 849 1557 liquerit
871 1503 907 1541 ex
929 1501 969 1555 se,

247 1580 337 1639 Unde
357 1580 500 1638 cadavera
520 1577 652 1637 rancenti
672 1577 732 1637 iam
752 1579 864 1639 viscere
884 1599 998 1639 vermes

247 1676 397 1753 Expirant,
419 1686 508 1752 atque
528 1676 607 1735 unde
629 1674 812 1735 animantum
834 1676 921 1752 copia
942 1687 1024 1735 tanta
1176 1692 1222 1748 7²0

248 1775 325 1832 Exos
344 1786 376 1854 et
397 1770 550 1847 exsanguis
572 1771 702 1831 tumidos
724 1773 898 1847 perfluctuat
919 1775 1020 1832 artus?

247 1871 337 1945 Quod
358 1869 382 1928 si
403 1871 476 1929 forte
497 1870 610 1927 animas
631 1868 812 1928 extrinsecus
834 1869 976 1929 insinuari

245 1966 404 2026 Vermibus
426 1977 455 2025 et
476 1965 572 2042 privas
593 1965 623 2023 in
645 1984 879 2063 corpora'posse
899 1966 999 2028 venire

247 2063 359 2135 Credis,
381 2083 438 2123 nec
458 2073 577 2139 reputas
599 2083 650 2121 cur
672 2062 752 2121 milia
773 2063 867 2122 multa
887 2063 1052 2123 animarum

246 2160 434 2221 Conveniant
455 2160 535 2219 unde
556 2179 616 2218 una
636 2158 795 2230 recesserit,
818 2161 876 2219 hoc
898 2171 996 2220 tamen
1020 2172 1118 2221 estut
1179 2175 1223 2234 725

246 2256 457 2330 Quaerendum
479 2255 612 2315 videatur
633 2267 662 2315 et
683 2255 716 2314 in
737 2255 895 2315 discrimen
916 2258 1075 2333 agendum,

246 2355 356 2414 Utrum
378 2354 498 2412 tandem
519 2352 635 2412 animae
656 2365 801 2413 venentur
822 2353 936 2412 semina
957 2373 1094 2431 quaeque

246 2449 490 2520 Vermiculorum,
513 2448 653 2524 ipsaeque
674 2449 731 2509 sibi
752 2449 930 2509 fabricentur
950 2449 1002 2510 ubi
1023 2450 1089 2521 sint,

247 2548 295 2603 An
317 2543 400 2619 quasi
423 2545 595 2621 corporibus
617 2546 755 2622 perfectis
776 2545 969 2606 insinuentur.

246 2645 286 2701 At
306 2661 403 2717 neque
425 2660 476 2699 cur
495 2641 604 2701 saciant
625 2642 709 2717 ipsae
729 2661 857 2717 quareve
878 2643 1023 2715 laborent,
1180 2659 1229 2719 730

247 2738 354 2798 Dicere
368 2737 544 2815 suppeditat.
582 2740 688 2814 Neque
704 2740 793 2811 enim,
809 2738 872 2797 sine
889 2759 1011 2814 corpore
1025 2759 1094 2798 cum
1109 2752 1183 2810 sunt,

246 2836 393 2898 Sollicitae
414 2836 538 2896 volitant
559 2837 670 2897 morbis
691 2839 819 2913 alguque
842 2841 988 2915 fameque.

245 2935 360 3011 Corpus
382 2932 461 2992 enim
483 2933 574 3009 magis
595 2934 640 2992 his
661 2932 739 2993 vitiis
761 2935 860 2993 adfine
881 2935 1004 3008 laborat,

246 3032 286 3090 Et
306 3032 383 3089 mala
404 3030 497 3088 multa
518 3027 632 3088 animus
654 3041 782 3106 contage
803 3031 933 3106 fungitur
955 3031 1025 3090 eius

245 3128 304 3188 Sed
325 3138 425 3187 tamen
446 3127 492 3185 his
513 3137 578 3186 esto
599 3126 732 3202 quamvis
754 3129 850 3186 facere
872 3127 943 3186 utile
965 3147 1073 3203 corpus
1183 3147 1232 3206 735

247 3223 304 3284 Cui
324 3226 449 3283 subeant
460 3245 467 3295 ;
488 3233 518 3280 at
539 3242 597 3298 qua
618 3222 733 3298 possint
753 3223 800 3282 via
822 3225 907 3283 nulla·
923 3225 1046 3285 videtur.

246 3322 340 3381 Haud
360 3320 448 3397 igitur
467 3320 579 3379 faciunt
600 3321 717 3380 animae
738 3322 792 3382 sibi
815 3343 939 3399 corpora
961 3335 990 3382 et
1011 3337 1099 3384 artus

142 3424 148 3449 ²
241 3419 311 3476 Nec
331 3427 431 3476 tamen
453 3427 498 3477 est
520 3417 605 3494 utqui
626 3418 764 3493 perfectis
786 3419 970 3478 insinuentur

267 3543 324 3602 736
355 3545 407 3595 Cui
415 3550 529 3600 subeant
542 3551 680 3616 Bernayr:
699 3552 767 3601 Cum
779 3552 888 3600 subeant
899 3551 1032 3609 MSS.,M
1102 3555 1154 3612 'RS
1180 3557 1247 3612 utqui

204 3613 256 3661 M:
272 3628 301 3668 ut
310 3627 421 3685 quicum
436 3634 524 3684 MSS,
