2784 4142
394 328 445 378 DE
467 328 599 379 RERUM
624 327 780 379 NATURA
803 327 915 376 LIBER
938 326 991 378 111.
1152 331 1192 394 19

189 477 287 554 Saepe
308 473 408 551 aliqua
428 485 529 534 tamen
550 495 567 534 e
588 494 679 534 causa
699 474 845 534 labefacta
866 472 983 533 videtur

192 575 240 633 Ire
260 571 363 632 anima
382 591 417 630 ac
439 580 504 631 toto
525 569 601 630 solui
622 571 660 630 de
681 588 806 646 corpore
828 569 913 641 velle,

192 671 231 730 Et
252 667 338 746 quasi
358 687 497 744 supremo
518 669 708 745 languescere
729 678 863 743 tempore
884 668 990 739 voltus,
1133 682 1188 741 595

192 766 359 843 Molliaque
380 765 519 842 exsangui
540 777 646 826 trunco
667 765 773 825 cadere
794 765 895 825 omnia
917 766 1059 824 membra.

191 863 283 938 Quod
304 882 399 940 genus
419 874 472 935 est,
495 862 595 923 animo
616 864 693 923 male
715 864 825 922 factum
847 882 913 922 cum
941 861 1111 939 perhibetur

191 963 252 1019 Aut
273 962 405 1020 animam
427 959 566 1037 liquisse3
587 960 637 1019 ubi
658 960 718 1019 iam
741 961 912 1037 trepidatur,
935 971 964 1020 et
986 978 1089 1019 omnes

191 1058 364 1116 Extremum
386 1057 508 1133 cupiunt
529 1057 607 1117 vitae
628 1059 844 1133 reprehendere
865 1057 1005 1117 vinclum.

192 1157 416 1232 Conquassatur
436 1156 515 1215 enim
538 1167 601 1215 tum
623 1175 709 1215 mens
730 1156 906 1233 animaeque
928 1167 1058 1232 potestas
1131 1158 1190 1213 600

192 1253 310 1325 Omnis,
333 1266 362 1314 et
382 1254 456 1315 haec
477 1255 544 1328 ipso
565 1272 634 1312 cum
655 1272 780 1329 corpore
801 1255 1023 1326 conlabefiunt3

192 1353 236 1411 Ut
257 1350 372 1428 gravior
392 1352 482 1428 paulo
504 1350 597 1427 possit
618 1350 779 1412 dissolvere
800 1371 896 1411 causa.

192 1447 275 1524 Quid
296 1448 415 1509 dubitas
437 1450 558 1509 tandem
579 1448 651 1525 quin
673 1462 755 1509 extra
775 1450 894 1527 prodita
914 1469 1031 1527 corpuS,

192 1544 345 1617 Inbecilla,
368 1547 453 1616 foras,
476 1545 506 1604 in
528 1555 639 1621 aperto,
663 1546 792 1623 tegmine
814 1548 946 1623 dempto,

193 1645 264 1702 Non
285 1643 378 1704 modo
399 1662 460 1703 non
481 1662 602 1703 omnem
623 1644 718 1720 possit
738 1645 843 1704 durare
863 1664 917 1720 per
936 1664 1049 1716 aevom,

193 1741 251 1801 Sed
273 1740 430 1801 minimum
452 1741 579 1818 quodvis
600 1753 728 1818 nequeat
748 1741 911 1802 consistere
932 1747 1073 1818 tempus?
1131 1743 1189 1800 606

193 1839 293 1914 Quare
314 1838 403 1898 etiam
424 1848 514 1915 atque
534 1837 632 1911 etiam,
654 1840 784 1898 resoluto
805 1837 937 1916 corporis
958 1838 1041 1898 omni
1131 1842 1189 1914 576

192 1934 337 2012 Tegmine
357 1946 387 1995 et
408 1934 509 1996 eiectis
531 1945 612 1994 extra
632 1926 771 1996 vitalibus
792 1936 876 2008 auris,

194 2030 327 2090 Dissolui
348 2050 453 2091 sensus
474 2029 565 2091 animi
586 2033 696 2091 fateare
717 2044 869 2093 necessest

192 2133 292 2205 Atque
313 2129 451 2201 animam,
473 2127 615 2205 quoniam
637 2131 823 2189 coniunctast
845 2148 933 2188 causa
954 2131 1080 2189 duobus.

233 2225 373 2300 Denique
392 2246 462 2286 curn
483 2246 592 2303 eorpus
614 2238 742 2302 nequeat
763 2229 888 2303 perferre
909 2226 1018 2287 animai
1131 2232 1189 2303 580

193 2324 362 2385 Discidium
383 2324 454 2401 quin
475 2323 507 2384 in
528 2337 622 2386 taetro
643 2328 777 2387 tabescat
798 2328 899 2398 odore,

191 2421 275 2499 Quid
295 2421 412 2482 dubitas
433 2421 505 2498 quin
527 2422 645 2483 eximo
666 2425 845 2500 penitusque
867 2435 969 2483 coorta

191 2521 345 2580 Emanarit
365 2520 408 2580 uti
428 2522 526 2580 fumus
548 2522 654 2580 diffusa
675 2520 793 2581 animae
814 2521 866 2595 vis,

189 2621 293 2694 Atque
314 2616 383 2678 ideo
404 2628 487 2678 tanta
507 2628 653 2678 mutatum
678 2629 763 2695 putre
784 2616 869 2677 ruina

191 2715 364 2778 Conciderit
384 2735 501 2792 corpus,
523 2715 642 2793 penitus
664 2715 734 2792 quia
754 2725 837 2775 mota
857 2716 925 2774 loco
946 2727 1014 2774 sunt
1131 2720 1186 2792 585

190 2812 409 2883 Fundamenta,
431 2813 509 2872 foras
529 2811 630 2872 anima
650 2823 809 2872 emanante
830 2830 882 2887 per
902 2823 982 2871 artus

191 2912 307 2984 Perque
328 2907 440 2968 viarum
461 2910 558 2970 omnis
578 2910 680 2983 flexus,
703 2909 734 2967 in
755 2928 878 2986 corpore
899 2909 1048 2984 quisunt,

190 3011 291 3083 Atque
312 3006 478 3067 foramina?
497 3007 681 3068 multimodis
703 3019 735 3066 ut
756 3026 879 3067 noscere
900 3007 995 3082 possis

191 3091 386 3180 Dispertitam
408 3105 524 3167 animae
544 3117 679 3166 naturam
702 3105 798 3166 exisse
822 3124 875 3181 per
895 3116 983 3176 artus,

191 3206 230 3262 Et
251 3201 331 3279 prius
352 3220 416 3261 esse
438 3201 494 3262 sibi
516 3205 686 3264 distractam
708 3222 832 3279 corpore
854 3201 884 3260 in
906 3201 981 3279 ipso,

191 3302 290 3377 Quam
312 3300 450 3376 prolapsa
470 3301 549 3360 foras
570 3311 672 3360 enaret
692 3300 724 3359 in
744 3299 819 3359 aeris
840 3319 932 3359 auras.
1132 3317 1187 3376 591

191 3399 258 3457 Nec
279 3393 336 3455 sibi
357 3394 437 3454 enirn
458 3397 615 3472 quisquam
637 3395 767 3456 moriens
788 3395 896 3455 sentire
917 3396 1033 3456 videtur
1132 3399 1188 3470 607

191 3497 237 3555 lre
259 3497 336 3555 foras
357 3493 486 3554 animam
508 3495 690 3558 incolumem
711 3497 752 3558 de
772 3513 901 3576 corpore
918 3505 1001 3566 toto,

181 3593 250 3647 Nec
265 3589 351 3663 prius
369 3593 412 3650 ad
430 3592 571 3670 iugulum
595 3608 629 3660 et
652 3619 769 3678 supera
792 3597 968 3660 succedere
985 3595 1111 3657 lauces„

1097 3709 1189 3755 2--2
