2784 4142
209 365 227 410 2
542 361 573 410 T.
597 359 760 410 LUCRETI
784 360 871 409 CARI

208 513 377 586 Aspergunt
398 528 496 584 neque
517 508 566 566 nix
588 507 647 567 acri
668 518 808 567 concreta
828 507 933 584 pruina

209 608 293 669 Cana
314 607 425 666 cadens
446 605 543 675 violat,
567 623 743 680 semperque
764 603 914 663 innubilus
935 606 1036 665 aether

210 701 327 779 Integit‚
350 714 380 761 et
401 702 480 777 large
502 700 608 759 diffuso
630 700 742 758 lumine
759 700 847 759 ridet.

210 798 320 860 Omnia
340 797 511 875 suppeditat
532 817 620 874 porro
642 808 755 869 natura,
778 815 875 873 neque
897 800 957 856 ulla
999 839 1006 861 ι

211 900 272 956 Res
293 894 385 955 animi
407 915 511 972 pacem
533 895 645 954 delibat
666 906 800 970 tempore
821 894 851 952 in
873 897 943 954 ullo.

210 998 250 1054 At
271 1006 374 1055 contra
395 1013 540 1069 nusquam
562 1003 706 1069 apparent
728 991 889 1051 Acherusia
911 995 1030 1070 templa,

211 1095 276 1151 Nec
297 1093 383 1152 tellus
405 1093 504 1151 obstat
526 1089 598 1165 quin
620 1088 721 1147 omnia
741 1088 943 1165 dispiciantur,

210 1191 271 1250 Sub
292 1188 419 1265 pedibus
441 1207 646 1265 quaecumque
668 1187 742 1245 infra
762 1206 814 1263 per
835 1186 923 1247 inane
944 1200 1089 1265 geruntur.

212 1290 268 1348 His
289 1289 329 1348 ibi
351 1309 399 1348 me
420 1289 507 1348 rebus
528 1289 675 1363 quaedam
698 1285 798 1356 divina
819 1290 955 1364 voluptas

211 1386 337 1463 Percipit
357 1397 446 1461 atque
467 1386 577 1459 horror,
600 1385 681 1460 quod
704 1383 747 1444 sic
768 1396 872 1444 natura
893 1397 943 1445 tua
964 1385 993 1446 vi

210 1488 286 1544 Tam
307 1482 463 1544 manifesta
484 1494 589 1560 patens
611 1503 648 1542 ex
669 1483 751 1541 omni
772 1495 855 1559 parte
875 1494 987 1545 retecta
1007 1496 1059 1545 est,

252 1584 288 1640 Et
310 1578 449 1657 quoniam
473 1578 569 1649 docui,
592 1592 764 1638 cunctarum
787 1581 907 1640 exordia
927 1601 1024 1641 rerum

211 1678 319 1755 Qualia
340 1677 406 1748 sint,
429 1688 459 1737 et
480 1697 569 1753 quam
591 1677 677 1736 variis
700 1678 840 1738 distantia
860 1680 961 1739 formis

211 1781 323 1854 Sponte
344 1796 397 1836 sua
418 1778 542 1836 volitent
563 1786 683 1834 aeterno
704 1775 816 1850 percita
838 1787 930 1849 motu,

212 1878 318 1951 Quove
338 1875 430 1933 modo
451 1873 567 1949 possint
588 1892 633 1933 res
655 1892 691 1933 ex
712 1873 756 1932 his
778 1893 913 1950 quaeque
935 1875 1034 1948 creari,

212 1977 314 2033 Hasce
335 1973 500 2032 secundum
521 1991 566 2030 res
587 1970 679 2029 animi
701 1983 806 2030 natura
826 1971 943 2032 videtur

211 2073 310 2146 Atque
330 2068 447 2128 animae
469 2069 607 2126 claranda
628 2068 703 2127 meis
722 2068 780 2126 iam
802 2070 933 2130 versibus
955 2091 1029 2147 esse,

212 2168 251 2225 Et
271 2162 368 2225 metus
389 2165 438 2225 ille
459 2166 536 2225 foras
557 2184 699 2241 praeceps
721 2166 899 2225 Acheruntis
920 2171 1061 2243 agendus,

212 2262 358 2322 Funditus
379 2263 540 2320 humanam
561 2261 612 2337 qui
635 2261 725 2320 vitam
747 2263 844 2321 turbat
865 2263 902 2322 ab
924 2263 985 2322 imo

212 2360 321 2418 Omnia
342 2359 515 2417 suffundens
537 2355 639 2416 mortis
660 2355 785 2434 nigrore,
808 2378 906 2434 neque
927 2362 1017 2419 ullam

212 2458 286 2516 Esse
307 2458 489 2532 voluptatem
512 2454 655 2532 liquidam
676 2441 840 2531 puramque
861 2455 1007 2533 relinquit.

212 2555 291 2612 Nam
312 2554 394 2630 quod
414 2571 504 2629 saepe
523 2553 660 2612 homines
682 2553 802 2613 morbos
824 2553 916 2629 magis
937 2573 1003 2613 csse
1025 2554 1118 2616 timeri

213 2651 419 2725 Infamemque
440 2652 537 2709 serunt
558 2649 648 2708 vitam
669 2668 760 2726 quam
781 2650 905 2708 Tartara
926 2648 1001 2722 Leti,

212 2748 252 2805 Et
272 2765 304 2806 se
326 2746 399 2805 scire
419 2745 536 2804 animae
558 2756 691 2804 naturam
714 2743 863 2822 sanguinis
884 2764 950 2805 esse

213 2846 273 2901 Aut
293 2841 383 2901 etiam
404 2841 494 2915 venti,
516 2844 539 2900 si
561 2843 616 2901 fert
637 2841 678 2899 ita
698 2842 774 2900 forte
795 2843 938 2914 voluntas,

212 2942 278 3001 Nec
298 2959 432 3016 prorsum
454 2938 611 3016 quicquam
634 2951 752 2997 nostrae
773 2938 895 2998 rationis
918 2958 1012 3016 egere,

213 3037 295 3096 Hinc
316 3037 385 3095 licet
405 3037 540 3096 advertas
562 3035 694 3094 animum
717 3037 809 3113 magis
830 3038 931 3097 omnia
953 3040 1048 3100 landis

212 3135 319 3193 Iactari
341 3153 429 3192 causa
450 3153 539 3208 quam
561 3135 643 3208 quod
664 3153 711 3193 res
732 3133 798 3209 ipsa
818 3135 967 3210 probetur.

212 3232 349 3289 Extorres
371 3229 450 3288 idem
471 3229 567 3307 patria
588 3232 735 3307 longeque
756 3232 847 3308 fugati

212 3328 385 3402 Conspectu
407 3346 443 3384 ex
464 3326 625 3399 hominum,
649 3328 760 3387 foedati
782 3329 905 3389 crimine
926 3331 1013 3409 turpi,

203 3421 357 3480 Omnibus
377 3423 526 3484 aerumnis
548 3425 656 3484 adfecti
677 3424 815 3500 denique,
837 3426 946 3497 vivunt,

184 3509 230 3567 Et
251 3529 460 3594 quocumque
483 3529 589 3580 tamen
612 3518 717 3579 miseri
735 3537 845 3578 uenere
864 3530 1023 3592 parentant

513 3653 549 3688 aa
585 3637 658 3688 ridet
672 3636 755 3687 MSS.
765 3652 777 3683 :
791 3632 880 3681 rident
892 3630 942 3676 LM
