2784 4142
393 387 443 435 DE
467 386 600 436 RERUM
625 388 781 439 NATURA
804 388 915 437 LIBER
939 389 990 439 111.
1171 384 1186 453 5

190 534 347 592 Praeterea
368 531 451 592 molli
472 552 540 592 cum
562 552 669 592 somno
691 532 795 593 dedita
816 535 950 594 membra

187 630 386 705 Effusumque
408 628 484 689 iacet
505 629 570 691 sine
591 649 679 689 sensu
700 649 809 707 corpus
831 642 980 702 onustum,

187 727 242 783 Est
262 724 345 784 aliud
366 737 468 784 tamen
488 725 519 784 in
540 725 636 797 nobis,
659 728 744 802 quod
765 739 898 803 tempore
920 729 950 785 in
972 727 1023 788 illo

186 821 378 883 Multimodis
400 822 527 900 agitatur
547 836 577 883 et
598 814 695 884 omnis
717 804 825 901 accipit
846 825 877 882 in
899 844 931 884 se
1132 844 1185 902 115

184 920 334 980 Laetitiae
355 932 453 981 motus
474 934 504 981 et
525 940 608 980 curas
630 921 728 982 cordis
749 921 855 982 inanis.

184 1020 279 1078 Nunc
301 1017 432 1077 animam
454 1037 574 1095 quoque
596 1020 680 1078 utin
701 1020 841 1079 membris
862 1039 1042 1096 cognoscere
1063 1020 1158 1097 possis

184 1117 269 1188 Esse,
294 1133 393 1192 neque
413 1113 567 1174 harmonia
588 1135 696 1192 corpus
717 1116 826 1177 sentire
847 1119 950 1188 solere,

184 1211 339 1289 Principio
360 1214 393 1271 fit
412 1211 457 1272 uti
477 1212 611 1272 detracto
633 1232 758 1290 corpore
780 1215 874 1274 multo

181 1313 281 1388 Saepe
304 1322 406 1370 tamen
427 1309 513 1371 nobis
536 1311 566 1369 in
589 1311 728 1371 membris
749 1309 810 1371 vita
830 1322 977 1385 moretur;
1130 1333 1185 1370 120

181 1413 288 1486 Atque
309 1410 415 1469 eadem
436 1427 559 1480 rursum,
581 1428 650 1468 cum
671 1428 796 1484 corpora
816 1428 911 1485 pauca
933 1409 1036 1470 caloris

181 1507 340 1582 Diffugere
360 1507 497 1581 forasque
518 1524 571 1582 per
591 1525 625 1564 os
646 1516 691 1564 est
713 1505 810 1564 editus
831 1498 888 1579 aer,
961 1554 963 1559 ,

182 1601 306 1663 Deserit
327 1603 477 1676 extemplo
499 1619 588 1659 venas
610 1611 700 1676 atque
721 1620 789 1660 ossa
810 1600 966 1677 relinquit;

181 1703 212 1758 N
216 1718 321 1758 oscere
342 1709 375 1757 ut
397 1697 466 1755 hinc
487 1695 583 1773 possis
605 1717 666 1756 non
687 1717 797 1774 aequas
819 1698 920 1758 omnia
941 1699 1029 1775 partis

181 1799 321 1872 Corpora
340 1795 448 1854 habere
470 1812 567 1870 neque
589 1813 625 1854 ex
645 1813 743 1871 aequo
764 1794 865 1855 fulcire
886 1796 1019 1867 salutem,
1072 1802 1074 1806 '
1128 1817 1181 1875 125
1222 1811 1228 1821 ‘

180 1896 244 1955 Sed
266 1893 360 1970 magis
381 1893 464 1962 haec,
487 1891 567 1951 venti
588 1911 664 1968 quae
685 1903 755 1950 sunt
776 1892 924 1969 calidique
945 1892 1062 1970 vaporis

181 1992 314 2066 Semina,
337 2009 437 2050 curare
459 1991 490 2049 in
512 1989 651 2049 membris
673 2001 706 2048 ut
727 1990 787 2050 vita
808 2003 945 2051 moretur.

182 2094 241 2150 Est
262 2089 349 2166 igitur
370 2091 450 2147 calor
471 2107 506 2146 ac
528 2099 634 2147 ventus
655 2087 752 2147 vitalis
773 2089 804 2146 in
825 2087 891 2165 ipso

182 2189 329 2263 Corpore,
353 2185 405 2261 qui
424 2183 511 2243 nobis
532 2184 728 2244 moribundos
749 2184 859 2244 deserit
879 2196 967 2245 artus.

182 2288 376 2361 Quapropter
397 2282 538 2359 quoniam
561 2293 604 2342 est
624 2281 716 2341 animi
737 2294 841 2342 natura
861 2295 977 2359 reperta
1128 2305 1183 2358 130

181 2386 287 2458 Atque
306 2379 422 2440 animae
443 2377 525 2455 quasi
546 2397 612 2455 pars
633 2377 771 2452 hominis,
794 2380 886 2439 redde
907 2377 1071 2438 harmoniai

182 2480 317 2548 Nomen,
337 2477 379 2535 ad
399 2475 552 2552 organicos
572 2477 633 2533 alto
654 2476 786 2534 delatum
809 2474 951 2534 Heliconi
961 2495 971 2547 3

182 2576 255 2637 Sive
275 2574 394 2634 aliunde
415 2572 471 2649 ipsi
492 2592 580 2648 porro
602 2583 715 2632 traxere
738 2571 818 2631 etin
839 2571 919 2630 illam

181 2675 213 2731 T
214 2673 421 2740 tanstulerunt,
442 2668 562 2746 proprio
583 2688 660 2745 quae
681 2681 745 2728 tum
767 2687 812 2728 res
833 2667 954 2727 nomine
976 2669 1088 2744 egebat.

183 2765 341 2844 Quidquid
363 2766 393 2825 id
414 2778 468 2838 est,
490 2767 638 2826 habeant:
659 2777 692 2825 tu
714 2779 812 2825 cetera
832 2766 952 2842 percipe
973 2764 1060 2824 dicta.
1128 2785 1181 2843 135

227 2868 316 2925 Nunc
337 2864 468 2923 animum
490 2874 579 2940 atque
600 2862 729 2922 animam
751 2863 819 2921 dico
841 2862 999 2923 coniuncta
1021 2863 1112 2924 teneri

182 2968 269 3024 Inter
289 2983 321 3024 se
342 2974 431 3039 atque
452 2980 543 3019 unam
564 2970 697 3019 naturam
720 2960 865 3019 conficere
887 2979 924 3018 ex
944 2979 984 3030 se,

183 3062 246 3120 Sed
269 3071 359 3136 caput
379 3079 444 3120 esse
465 3057 550 3136 quasi
571 3068 601 3117 et
622 3055 770 3117 dominari
791 3057 821 3115 in
843 3075 967 3132 corpore
988 3068 1052 3116 toto

182 3156 361 3227 Consilium,
384 3158 466 3233 quod
486 3175 543 3217 nos
564 3156 696 3216 animum
719 3165 911 3228 mentemque
931 3174 1078 3214 vocamus.

182 3257 282 3332 quue
304 3255 392 3314 situm
413 3253 512 3315 media
532 3253 652 3330 regione
674 3252 705 3311 in
725 3252 854 3330 pectoris
874 3253 983 3313 haeret,
1127 3276 1180 3327 140

183 3354 246 3413 Hic
269 3353 380 3412 exultat
401 3351 479 3412 enim
501 3371 592 3428 pavor
613 3371 649 3410 ac
670 3362 776 3422 metus,
799 3353 872 3410 haec
894 3351 960 3410 loca
981 3349 1091 3409 circum

182 3445 329 3507 Laetitiae
349 3447 480 3506 mulcent
490 3467 499 3519 ς
519 3444 569 3505 hic
589 3464 658 3521 ergo
680 3463 765 3504 mens
785 3444 996 3521 animusquest.

181 3547 286 3604 Cetera
302 3561 375 3614 pars
392 3540 512 3601 animae
531 3561 588 3618 per
609 3552 710 3605 totum
731 3541 839 3606 dissita
859 3563 974 3624 corpus

165 3639 257 3702 Paret,
283 3644 316 3690 et
334 3635 377 3691 ad
395 3654 511 3698 numen
536 3644 655 3707 mentis
677 3663 885 3728 momenque
903 3654 1062 3708 mouetur.
