2784 4142
228 346 270 408 26
423 355 426 361 ·
561 272 781 439 diffideram
806 361 892 411 cunr

229 504 345 582 Quidve
366 507 443 564 foras
465 504 520 565 sibi
541 507 602 565 vult
623 496 765 566 membris
788 507 865 567 exire
886 510 1034 570 senectis?

229 607 277 662 An
298 603 403 664 metuit
426 605 568 663 conclusa
589 623 709 664 manere
729 605 761 664 in
782 625 906 682 corpore
926 608 1013 684 putri,

230 703 269 759 Et
290 702 397 760 domus
419 701 522 760 aetatis
545 700 642 776 spatio
663 721 702 761 ne
723 705 800 762 fessa
821 715 939 764 vetusto

230 797 364 858 Obruat?
383 808 413 856 at
434 816 495 856 non
517 809 586 856 sunt
605 797 765 858 immortali
787 802 847 860 ulla
868 801 986 878 pericla.
1170 824 1228 884 775

271 893 409 972 Denique
429 894 557 955 conubia
578 898 616 956 ad
637 896 762 957 Veneris
783 909 945 976 partusque
965 902 1092 961 ferarum

230 996 305 1053 Esse
326 993 439 1052 animas
460 1004 578 1070 praesto
600 993 794 1054 deridiculum
818 1016 883 1055 esse
904 996 1028 1070 videtur,

231 1095 395 1170 Expectare
416 1091 590 1152 immortalis
611 1093 749 1152 mortalia
770 1097 902 1154 membra
1012 1095 1017 1105 '

232 1193 394 1250 Innumero
416 1210 547 1264 numero,
569 1203 741 1267 certareque
762 1205 1028 1269 praeproperanter

233 1291 315 1347 Inter
334 1308 366 1347 se
387 1307 464 1364 quae
485 1287 582 1364 prima
601 1288 815 1366 potissimaque
836 1290 1017 1366 insinuetur3
1173 1297 1232 1369 780

232 1384 261 1444 Si
283 1403 344 1443 non
365 1385 439 1443 forte
459 1383 501 1442 ita
521 1394 589 1443 sunt
610 1383 776 1443 animarum
797 1386 919 1445 foedera
940 1400 1035 1463 pacta,

232 1485 276 1544 Ut
298 1501 374 1558 quae
395 1482 490 1558 prima
510 1483 613 1542 volans
635 1481 786 1543 advenerit
807 1483 971 1545 insinuetur

232 1582 338 1651 Prima,
361 1598 460 1655 neque
480 1578 556 1640 inter
577 1599 608 1639 se
629 1582 814 1640 contendant
834 1581 943 1643 viribus
964 1583 1066 1643 hilum.

273 1677 411 1754 Denique
432 1676 462 1735 in
483 1679 603 1737 aethere
623 1698 684 1737 non
707 1681 801 1749 arbor,
825 1697 886 1738 non
907 1699 1036 1755 aequore
1057 1681 1089 1740 in
1110 1684 1174 1743 alto

234 1778 338 1836 Nubes
358 1794 423 1835 esse
446 1785 559 1851 queunt
580 1794 636 1834 nec
656 1775 752 1852 pisces
773 1777 871 1835 vivere
891 1776 921 1835 in
943 1777 1018 1838 arvis
1174 1785 1231 1860 785

154 1922 156 1926 .
234 1875 299 1932 Nec
320 1891 404 1931 cruor
425 1873 456 1930 in
476 1869 562 1946 lignis
583 1891 681 1947 neque
703 1871 779 1930 saxis
800 1892 887 1931 sucus
909 1873 1012 1934 inesse.

234 1972 356 2031 Certum
378 1987 412 2027 ac
433 1966 637 2043 dispositumst
658 1967 709 2028 ubi
731 1968 872 2045 quicquid
894 1983 1007 2031 crescat
1028 1983 1057 2032 et
1078 1970 1157 2033 insit.

233 2066 282 2126 Sic
302 2065 393 2124 animi
415 2075 519 2123 natura
540 2065 643 2140 nequit
664 2065 728 2125 sine
749 2085 874 2142 corpore
895 2067 961 2126 oriri

234 2164 312 2236 Sola,
335 2181 432 2237 neque
454 2181 472 2220 a
492 2161 589 2221 nervis
609 2173 638 2221 et
660 2162 803 2239 sanguine
824 2164 949 2240 longiter
970 2185 1041 2226 esse.

235 2259 325 2334 Quod
347 2258 371 2316 si
391 2269 492 2334 posset
513 2258 601 2330 enim,
624 2261 718 2318 multo
740 2262 820 2335 prius
842 2259 905 2336 ipsa
926 2261 1016 2320 animi
1037 2262 1081 2323 vis
1176 2282 1234 2344 790

236 2357 273 2415 In
294 2354 391 2430 capite
412 2366 463 2412 aut
484 2355 591 2414 umeris
613 2365 664 2413 aut
685 2355 752 2414 imis
774 2355 905 2415 calcibus
926 2376 990 2416 esse

237 2454 339 2510 Posset
361 2461 391 2509 et
411 2450 524 2510 innasci
545 2451 646 2526 quavis
668 2451 700 2509 in
721 2463 805 2527 parte
826 2453 940 2526 soleret,
960 2489 962 2493 ·

235 2549 372 2607 Tandem
395 2547 425 2606 in
447 2549 554 2607 eodem
575 2547 697 2608 homine
719 2561 809 2622 atque
830 2549 861 2607 in
882 2551 988 2609 eodem
1011 2570 1081 2611 vase
1101 2571 1234 2615 manere.

237 2646 327 2720 Quod
348 2643 489 2721 quoniam
512 2657 611 2702 nostro
634 2663 754 2721 quoque
776 2655 892 2704 constat
913 2663 1037 2721 corpore
1056 2658 1174 2708 certum

236 2741 482 2818 Dispositumque
503 2742 626 2814 videtur,
649 2741 700 2801 ubi
722 2761 787 2801 esse
809 2753 838 2801 et
859 2761 990 2803 crescere
1009 2743 1104 2820 possit
1177 2763 1234 2825 795

237 2843 358 2900 Sorsum
380 2839 480 2898 anima
500 2850 589 2915 atque
610 2837 735 2909 animus,
758 2851 842 2899 tanto
864 2840 956 2917 magis
976 2839 1167 2902 infitiandum

236 2942 347 2999 Totum
370 2956 457 3013 posse
479 2947 559 2996 extra
579 2955 687 3013 corpus
708 2937 813 2996 durare
833 2935 969 3012 genique.

237 3037 343 3111 Quare,
367 3053 474 3110 corpus
496 3034 546 3093 ubi
569 3033 685 3106 interiit,
709 3033 832 3110 periisse
853 3045 1004 3094 necessest

237 3133 405 3192 Confiteare
426 3131 554 3209 animam
576 3130 746 3203 distractam
768 3115 945 3206 inlcorpore
966 3112 1061 3190 toto.0

237 3229 356 3306 Quippe
378 3227 487 3287 etenim
510 3229 633 3286 mortale
654 3218 776 3380 septo
796 3225 917 3304 iungere
938 3237 968 3286 et
988 3247 1047 3286 una
1178 3233 1240 3292 800

237 3325 412 3389 Consentire
433 3337 536 3400 putare
558 3337 587 3383 et
609 3325 679 3398 sung
693 3328 816 3411 „mutua
837 3343 934 3400 posse,

229 3424 414 3496 Desiperest.
461 3421 541 3496 Quid
563 3421 642 3481 enim
664 3421 807 3480 diversius
829 3439 894 3479 esse
907 3421 1113 3496 putandumst

206 3519 277 3572 Aut
295 3517 397 3591 magis
417 3519 501 3581 inter
520 3540 557 3597 se
579 3519 770 3582 disiunctum
790 3516 1058 3594 discrepitansuue,

182 3639 239 3687 790
278 3633 362 3695 QUOd
374 3641 400 3689 si
410 3642 518 3706 (posset
532 3647 608 3697 enim
621 3647 711 3696 multo
725 3641 808 3710 priusi
823 3643 855 3690 M
961 3651 1010 3699 'rua
1040 3638 1277 3696 panusoxexum
