2784 4142
402 351 452 401 DE
474 351 605 402 RERUM
629 351 786 404 NATURA
808 353 919 404 LIBER
942 356 993 405 111.

202 498 239 555 Et
260 495 357 572 nigras
379 507 510 556 mactant
531 497 660 572 pecudes
681 508 712 556 et
733 497 863 557 manibu’
884 498 959 558 divis

202 593 325 652 Inferias
346 593 474 663 mittunt,
497 594 649 668 multoque
671 592 702 650 in
723 595 812 653 rebus
832 595 946 655 acerbis

200 688 304 747 Acrius
326 688 482 747 advertunt
502 687 619 747 animos
640 691 679 748 ad
700 688 881 765 religionem.

201 787 269 861 Quo
289 783 383 860 magis
403 783 551 844 indubiis
572 784 725 844 hominem
746 797 879 862 spectare
900 786 1016 864 periclis

200 882 351 941 Convenit
370 879 560 957 adversisque
581 881 612 940 in
632 883 720 943 rebus
742 902 865 943 noscere
886 884 936 959 qui
958 884 995 944 sit
1004 907 1014 959 3

199 980 279 1039 Nam
300 997 386 1041 verae
405 996 493 1037 voces
516 991 578 1037 tum
601 979 722 1038 demum
744 991 865 1055 pectore
886 980 923 1038 ab
946 979 1006 1039 imo

199 1073 373 1146 Eliciuntur,
395 1083 425 1133 et
446 1073 566 1150 eripitur
586 1093 721 1150 persona,
745 1087 844 1135 manet
865 1095 919 1134 res.

199 1170 338 1247 Denique
358 1169 493 1231 avarities
515 1182 544 1231 et
564 1172 712 1231 honorum
733 1192 822 1231 caeca
843 1171 962 1248 cupido,

199 1270 284 1344 Quae
306 1267 428 1328 miseros
449 1269 585 1328 homines
606 1280 717 1344 cogunt
737 1271 946 1328 transcendere
967 1271 1040 1329 fines

199 1366 283 1441 Iuris,
306 1377 337 1427 et
356 1365 505 1425 interdum
527 1365 624 1425 socios
645 1367 788 1425 scelerum
810 1378 900 1442 atque
921 1365 1068 1425 ministros

198 1467 313 1524 Noctes
333 1475 423 1539 atque
444 1462 508 1522 dies
528 1461 582 1521 niti
602 1474 772 1538 praestante
794 1464 894 1523 labore

197 1565 247 1622 Ad
268 1579 399 1622 summas
420 1579 568 1637 emergere
589 1578 672 1636 opes,
694 1560 769 1619 haec
789 1562 909 1620 vulnera
930 1559 1007 1620 vitae

198 1661 270 1719 Non
291 1655 444 1716 minimam
465 1668 580 1732 partem
602 1655 704 1715 mortis
726 1656 882 1716 formidine
904 1658 1029 1716 aluntur.

196 1755 306 1831 Turpis
327 1751 408 1812 enim
428 1752 520 1812 ferme
541 1763 731 1828 contemptus
753 1763 781 1812 et
802 1751 876 1811 acris
898 1762 1012 1828 egestas

197 1852 320 1910 Sernota
340 1850 379 1909 ab
400 1848 480 1909 dulci
500 1849 560 1908 vita
580 1848 737 1925 stabilique
758 1848 896 1910 videntur

199 1951 237 2008 Et
258 1948 342 2025 quasi
363 1933 422 2007 iam
442 1946 494 2008 leti
515 1957 615 2023 portas
636 1946 800 2006 cunctarier
819 1957 909 2021 ante3

199 2046 291 2106 Unde
311 2044 447 2104 homines
468 2045 540 2104 dum
561 2062 593 2103 se
614 2044 689 2102 falso
711 2055 818 2104 terrore
839 2045 936 2103 coacti

198 2140 343 2219 Effugisse
363 2142 468 2201 volunt
488 2141 577 2215 longe
597 2125 746 2216 longeque
767 2158 907 2211 remosse,

198 2237 348 2316 Sanguine
369 2237 445 2297 civili
466 2227 534 2297 rem¹
550 2237 681 2296 conflant
702 2235 880 2314 divitiasque

198 2333 421 2410 Conduplicant
441 2333 528 2405 avidi,
550 2333 673 2391 caedem
695 2335 788 2392 caede
809 2334 1048 2406 accumulantes;

199 2432 343 2492 Crudeles
363 2432 494 2507 gaudent
515 2429 545 2488 in
567 2427 642 2488 tristi
662 2429 764 2489 funere
785 2428 880 2488 fratris

199 2531 239 2588 Et
259 2527 512 2604 consanguineum
534 2545 651 2585 mensas
672 2526 762 2587 odere
783 2525 955 2602 timentque,

200 2623 355 2685 Consimili
376 2623 490 2683 ratione
510 2623 548 2682 ab
571 2624 678 2682 eodem
701 2642 790 2699 saepe
812 2622 917 2683 timore

199 2721 333 2780 Macerat
353 2719 471 2778 invidia.
514 2722 594 2778 Ante
615 2719 718 2778 oculos
740 2718 822 2778 illum
844 2738 909 2781 esse
929 2730 1093 2797 potentem,
1155 2737 1190 2795 75

200 2818 291 2876 Illum
311 2815 463 2892 aspectari,
485 2817 566 2876 claro
587 2815 638 2892 qui
658 2814 770 2876 incedit
791 2818 911 2890 honore,

200 2913 262 2990 lpsi
284 2911 367 2973 sein
388 2912 517 2973 tenebris
538 2912 617 2972 volvi
637 2932 793 2990 caenoque
814 2928 981 2991 quemntur.

200 3010 354 3068 Intereunt
375 3009 481 3084 partim
502 3019 663 3068 statuarum
686 3022 717 3069 et
738 3009 866 3070 nominis
888 3031 964 3089 ergo.

199 3106 239 3162 Et
259 3123 349 3180 saepe
369 3121 463 3178 usque
484 3105 570 3177 adeo,
592 3104 695 3164 mortis
716 3106 880 3180 formidine,
903 3109 980 3168 vitae

201 3199 332 3275 Percipit
352 3202 498 3259 humanos
520 3200 623 3259 odium
644 3200 777 3279 lucisque
797 3203 953 3275 videndae,
1155 3209 1193 3264 80

199 3298 244 3357 Ut
264 3295 320 3356 sibi
340 3295 526 3355 consciscant
548 3297 690 3357 maerenti
711 3311 832 3375 pectore
851 3302 952 3374 letum,

248 3451 279 3514 58
313 3449 452 3499 Eliciuntur
471 3452 567 3501 Mas:
586 3450 718 3501 Eiciuntur
735 3455 772 3501 M
898 3456 973 3519 After
991 3457 1021 3504 82
1039 3459 1075 3506 M
1087 3466 1195 3521 supposes

197 3548 216 3581 a
233 3547 298 3581 verse
316 3538 342 3580 ta
358 3532 387 3580 be
401 3531 451 3594 lest,
473 3532 534 3581 such
552 3548 582 3582 as
597 3533 649 3599 Qui
667 3534 776 3589 miseros
792 3535 913 3588 hommes
929 3552 1028 3601 cogens
1040 3539 1127 3585 seems
1140 3547 1221 3579 orm

187 3619 289 3674 patrare

1100 3702 1190 3750 1-a
