2784 4142
386 368 436 417 DE
459 367 591 417 RERUM
616 368 774 418 NATURA
797 366 908 417 LIBER
931 369 983 419 111.
1139 367 1177 432 25

195 513 385 592 Corporibus3
409 534 506 592 neque
527 514 607 574 enim
629 525 769 590 poterunt
790 515 935 590 suptiliter
956 535 1020 575 esse

194 613 334 684 Conexae,
356 632 454 688 neque
474 632 638 672 consensus
659 612 796 689 contagia
817 615 897 672 fient.
1122 629 1187 686 740,

227 709 364 785 Denique
385 729 437 769 cur
457 709 532 768 acris
554 708 694 769 violentia
716 709 797 768 triste
819 711 939 768 leonum
1102 702 1105 709 ’

191 807 347 867 Seminium
369 807 508 883 sequitur,
530 808 632 883 volpes
654 806 750 878 dolus,
772 818 802 865 et
822 809 891 883 fuga
911 806 1004 866 cervis

189 908 213 964 A
232 906 364 983 patribus
385 906 470 964 datur
491 917 520 964 et
542 906 653 980 patrius
674 924 766 980 pavor
787 904 890 963 incitat
911 917 998 977 artus,

190 1003 303 1061 Etiam
325 1012 424 1062 cetera
444 1003 482 1060 de
503 1020 610 1076 genere
631 1002 690 1059 hoc
711 1020 763 1059 cur
784 1003 886 1060 omnia
907 1001 1045 1062 membris

189 1101 232 1158 Ex
251 1099 374 1159 ineunte
396 1119 469 1158 aevo
490 1108 685 1174 generascunt
707 1097 895 1174 ingenioque,
1124 1117 1178 1177 745

188 1197 216 1256 Si
236 1216 306 1271 non,
329 1208 410 1256 certa
431 1215 485 1255 suo
507 1195 577 1271 quia
599 1195 712 1255 semine
733 1196 918 1273 seminioque

187 1294 238 1353 Vis
259 1293 350 1353 animi
371 1291 479 1369 pariter
499 1291 605 1351 crescit
626 1312 694 1351 cum
717 1312 841 1370 corpore
862 1298 948 1354 toto?

187 1391 274 1466 Quod
296 1389 321 1448 si
341 1389 504 1448 inmortalis
526 1391 600 1449 foret
622 1401 650 1448 et
673 1400 787 1450 mutare
808 1393 915 1451 soleret

186 1490 326 1564 Corpora,
350 1486 500 1563 permixtis
522 1486 686 1546 animantes
709 1488 840 1548 moribus
861 1501 978 1552 essent:

187 1589 334 1662 Effugeret
355 1584 436 1643 canis
459 1587 603 1659 Hyrcano
624 1585 662 1643 de
684 1586 797 1644 semine
818 1606 906 1662 saepe
1123 1607 1180 1666 750

186 1680 339 1758 Cornigeri
359 1681 508 1740 incursum
530 1681 617 1754 cervi,
640 1693 836 1759 tremeretque
857 1702 912 1758 per
932 1704 1016 1743 auras

185 1779 268 1840 Aeris
290 1778 429 1854 accipiter
449 1777 563 1854 fugiens
585 1778 724 1839 veniente
745 1780 893 1852 columba,

187 1875 364 1952 Desiperent
384 1876 528 1945 homines,
550 1885 687 1950 saperent
708 1876 770 1935 fera
790 1878 887 1935 saecla
908 1878 1041 1936 serarum.

186 1974 265 2032 Illud
286 1971 366 2032 enim
387 1972 460 2030 salsa
481 1972 569 2030 fertur
589 1971 714 2045 ratione,
736 1974 818 2048 quod
838 1975 922 2033 aiunt

186 2071 377 2130 Inmortalem
399 2069 528 2129 animam
551 2081 667 2130 mutato
689 2090 811 2146 corpore
833 2072 920 2132 flecti.
1124 2093 1138 2149 7
1143 2093 1158 2151 5
1164 2091 1179 2151 5

185 2169 276 2244 Quod
297 2177 425 2226 mutatur
446 2164 526 2226 enim
547 2167 722 2239 dissolvitur,
746 2169 845 2230 interit
866 2190 943 2248 ergo.

184 2265 371 2325 Traiciuntur
392 2264 471 2324 enim
492 2275 589 2340 partes
610 2276 700 2341 atque
722 2265 826 2326 ordine
848 2267 991 2344 migrant3

185 2364 285 2437 Quare
306 2361 428 2421 dissolui
448 2381 567 2438 quoque
589 2363 701 2422 debent
722 2382 809 2439 posse
831 2383 883 2440 per
904 2376 992 2436 artus,

185 2461 324 2537 Denique
345 2471 377 2519 ut
397 2459 542 2519 intereant
563 2480 623 2519 una
644 2480 713 2520 cum
734 2480 858 2538 corpore
878 2473 1012 2521 cunctae.

184 2557 233 2616 Sin
255 2555 369 2616 animas
391 2554 547 2614 hominum
569 2555 669 2615 dicent
690 2555 722 2614 in
743 2577 868 2634 corpora
889 2577 1005 2634 semper
1124 2563 1180 2635 760

185 2657 231 2714 Ire
252 2656 391 2725 humana,
414 2665 514 2712 tamen
536 2674 676 2730 quaeram
695 2674 747 2712 cur
768 2675 784 2713 e
806 2654 931 2731 sapienti

183 2754 278 2812 Stulta
299 2761 388 2826 queat
409 2750 479 2822 fieri,
503 2769 559 2810 nec
579 2752 711 2828 prudens
732 2751 769 2810 sit
790 2771 862 2828 puer
884 2754 968 2826 ullus,

185 2851 248 2909 Nec
270 2858 333 2905 tam
354 2848 459 2906 doctus
482 2866 575 2922 equae
597 2848 696 2922 pullus
717 2866 807 2923 quam
829 2848 911 2909 sortis
933 2849 1001 2926 equi
1022 2850 1087 2912 vis?
1122 2857 1180 2926 764

183 2946 301 3006 Scilicet
320 2944 352 3002 in
373 2955 475 3005 tenero
498 2932 681 3004 tenerascere
703 2963 828 3021 corpore
851 2958 980 3006 mentem

184 3041 373 3119 Confugient.
417 3043 507 3117 Quod
529 3040 552 3100 si
573 3041 632 3100 iam
654 3043 694 3116 fit,
720 3044 828 3102 fateare
850 3055 999 3104 necessest

184 3141 344 3201 Mortalem
362 3125 431 3198 'esse
452 3137 589 3209 animam,
612 3139 754 3215 quoniam
776 3151 887 3199 mutata
909 3161 962 3218 per
981 3154 1060 3203 artus

182 3241 283 3298 Tanto
304 3254 392 3311 opere
413 3234 521 3294 amittit
541 3235 633 3295 vitam
654 3256 834 3314 sensumque
855 3237 991 3314 priorem.

183 3337 289 3410 Quove
310 3333 402 3391 modo
423 3331 530 3408 poterit
551 3333 659 3408 pariter
679 3332 747 3393 cuin
771 3352 894 3410 corpore
915 3353 1035 3410 quoque

183 3433 368 3494 Confirmata
388 3429 520 3508 cupitum
542 3429 644 3490 aetatis
666 3442 786 3507 tangere
807 3433 909 3492 florem
1121 3452 1178 3506 uo

182 3531 235 3590 Vis
254 3529 353 3601 animi,
377 3529 434 3589 nisi
456 3528 511 3593 erit
534 3550 660 3594 consors
681 3530 718 3592 'm
738 3530 858 3610 origine
874 3529 999 3606 pumat

264 3663 312 3713 742
348 3654 451 3707 cervis:
470 3659 677 3723 cervosMSS.,
692 3659 726 3708 M
844 3667 900 3718 qap,
916 3631 1149 3709 tsrejecteclth
