2784 4142
239 367 278 423 22
571 362 602 412 Τ.
627 361 791 412 LUCRETI
815 361 901 412 CARI

239 511 276 569 In
297 510 403 568 multas
424 507 565 584 quoniam
586 507 676 584 partis
698 507 852 568 disciditur
872 528 975 585 aeque.

278 607 417 683 Denique
438 625 526 682 saepe
547 604 701 665 hominem
722 607 864 682 paulatim
887 606 1034 667 cernimus
1056 608 1099 669 ire
1173 613 1223 688 526

240 709 278 764 Et
298 704 486 765 membratim
508 702 628 762 vitalem
650 703 813 779 deperdere
834 723 954 763 sensum
965 726 974 778 ;

240 807 276 862 In
296 801 422 879 pedibus
443 801 568 878 primurn
591 800 699 877 digitos
719 799 859 861 livescere
881 813 909 861 et
931 802 1045 879 unguis,

240 901 316 960 inde
336 901 429 976 pedes
450 910 480 958 et
501 918 585 958 crura
607 897 689 969 mori,
712 909 780 974 post
801 897 872 958 inde
893 919 947 976 per
967 912 1046 959 artus

240 1002 286 1058 Ire
307 999 381 1059 alios
402 996 516 1057 tractim
537 996 627 1074 gelidi
648 996 772 1073 vestigia
793 997 852 1057 leti.
1173 1019 1221 1078 530

239 1096 388 1157 Scinditur
408 1096 490 1172 itque
511 1094 629 1155 animae
650 1097 709 1156 hoc
730 1095 871 1170 quoniam
893 1107 997 1155 natura
1018 1116 1074 1156 nec
1095 1117 1154 1158 uno

239 1197 389 1271 Tempore
409 1194 522 1254 sincera
543 1193 648 1266 existit,
672 1193 804 1252 mortalis
824 1195 998 1255 habendast.

240 1296 331 1370 Quod
352 1293 376 1353 si
396 1295 471 1352 sorte
492 1302 578 1368 putas
600 1291 695 1368 ipsam
717 1311 749 1351 se
769 1310 857 1368 posse
877 1311 931 1368 per
950 1303 1029 1352 artus

241 1395 403 1452 Introrsum
426 1391 540 1449 trahere
561 1401 591 1449 et
612 1388 704 1466 partis
725 1389 894 1449 conducere
915 1389 946 1447 in
967 1409 1068 1462 unum,
1264 1464 1266 1475 Ι

240 1496 340 1568 Atque
360 1489 429 1548 ideo
450 1487 564 1548 cunctis
586 1507 706 1548 sensum
728 1488 876 1547 deducere
897 1488 1045 1561 membris,
1174 1504 1220 1565 535
1258 1550 1261 1559 ,

240 1590 280 1646 At
301 1587 384 1645 locus
405 1585 454 1644 iile
475 1595 584 1654 tamen,
607 1601 666 1658 quo
689 1581 777 1659 copia
796 1593 877 1641 tanta
897 1582 1007 1642 animai

240 1683 371 1761 Cogitur,
393 1682 424 1741 in
445 1702 533 1742 sensu
555 1683 646 1742 debet
668 1681 778 1740 maiore
800 1680 910 1754 videri,

241 1781 300 1858 Qui
321 1779 461 1857 quoniam
484 1789 668 1855 nusquamst,
690 1777 829 1837 nimirum
851 1789 884 1837 ut
904 1777 1031 1837 diximus
1052 1789 1129 1850 ante,

241 1878 392 1939 Dilaniata
412 1878 489 1937 foras
511 1876 695 1953 dispargitur,
719 1875 817 1935 interit
839 1895 916 1953 ergo.

241 1977 321 2054 Quin
342 1976 431 2036 etiam
453 1975 477 2035 si
499 1974 556 2035 iam
577 1974 669 2035 libeat
690 1974 856 2034 concedere
876 1975 991 2045 falsum,
1176 1991 1224 2052 540

241 2078 280 2136 Et
300 2076 371 2134 dare
392 2092 480 2150 posse
500 2071 630 2132 animam
652 2071 807 2148 glomerari
828 2070 859 2129 in
880 2089 1004 2147 corpore
1025 2091 1138 2143 eorum,

241 2170 370 2231 Lumina
390 2171 440 2247 qui
460 2169 598 2244 linquunt
619 2166 788 2227 moribundi
808 2167 1014 2243 particulatim,

242 2270 400 2329 Mortalem
423 2279 523 2327 tamen
544 2285 608 2326 esse
629 2267 760 2324 animam
781 2266 890 2324 fateare
911 2285 1041 2340 necesse,

242 2370 307 2427 Nec
328 2367 414 2426 refert
436 2375 533 2424 utrum
555 2374 655 2440 pereat
676 2364 809 2440 dispersa
829 2382 883 2438 per
903 2382 987 2422 auras

242 2468 289 2522 An
310 2472 462 2522 contracta
483 2459 542 2520 suis
563 2480 580 2520 e
601 2459 734 2536 partibus
755 2459 953 2531 obbrutescat,
1178 2478 1225 2540 545

243 2561 374 2635 Quando
394 2557 547 2617 hominem
568 2567 665 2616 toturn
687 2555 779 2631 magis
800 2574 835 2614 ac
856 2555 949 2631 magis
969 2555 1103 2632 undique
1124 2578 1220 2619 sensus

242 2655 360 2729 Deficit,
382 2666 411 2714 et
432 2654 510 2714 vitae
531 2652 628 2712 minus
650 2662 680 2713 et
701 2653 797 2711 minus
818 2652 949 2728 undique
970 2665 1067 2714 restat.

282 2756 437 2813 Praeterea
457 2751 483 2811 si
503 2749 667 2809 inmortalis
688 2761 793 2807 natura
813 2747 922 2807 animai
1179 2756 1228 2828 ⁶7⁰
1262 2774 1266 2783 ·

244 2854 370 2913 Constat
391 2860 420 2910 et
441 2848 472 2908 in
494 2866 601 2924 corpus
622 2846 813 2907 nascentibus
833 2846 1006 2921 insinuatur,

243 2951 304 3012 Cur
324 2966 411 3025 super
431 2955 599 3006 anteactam
621 2955 749 3005 aetatem
771 2943 941 3006 meminisse
962 2946 1127 3023 nequimus,

243 3051 309 3110 Nec
328 3045 451 3124 vestigia
471 3055 620 3122 gestarum
641 3063 739 3103 rerum
761 3044 820 3102 ulla
841 3046 997 3103 tenemus?

243 3147 323 3206 Nam
345 3142 369 3203 si
390 3153 475 3203 tanto
496 3152 613 3217 operest
634 3139 726 3198 animi
747 3149 863 3198 mutata
883 3150 1024 3216 potestas,

243 3244 350 3307 Omnis
372 3254 406 3303 ut
426 3252 557 3301 actarum
578 3238 720 3300 exciderit
740 3237 897 3297 retinentia
917 3257 1023 3311 rerum,
1180 3246 1230 3319 675

285 3447 419 3508 ,μό-547
434 3461 480 3494 are
487 3447 576 3510 placed
588 3445 643 3494 here
658 3445 686 3508 by
701 3445 822 3493 Giursani
946 3456 990 3505 531
1026 3445 1156 3496 Scinditur
1167 3449 1233 3512 itque

218 3526 325 3574 emmae
342 3527 395 3575 hoc
411 3529 462 3576 M:
483 3528 615 3579 Scinditur
634 3536 712 3595 atque
732 3528 818 3576 anirno
829 3526 895 3574 naec
916 3528 1007 3573 Mss:
1021 3528 1149 3576 Scinditur
1163 3545 1234 3593 usque

203 3601 273 3648 adeo
287 3604 395 3657 IraecL
514 3626 569 3677 544
605 3631 654 3680 per
670 3613 759 3675 auras]
778 3613 794 3660 1
806 3617 909 3676 propere
919 3623 965 3672 per
976 3613 1047 3653 artus
