2784 4142
392 331 442 380 na
465 331 597 382 unuuru
621 330 778 381 unruun
800 329 912 379 murm
935 304 991 378 ui
1126 334 1183 399 ,31

195 479 256 537 Iam
277 477 372 548 fuerit,
396 496 493 553 neque
513 488 581 554 post
602 494 746 551 umquam
767 493 905 534 revocare
925 473 1045 534 licebit)
1125 495 1181 552 915

195 577 358 651 Tamquam
380 575 411 632 in
431 585 526 633 morte
548 573 618 631 mali
638 592 707 631 cum
727 571 829 648 primis
850 573 909 632 hoc
930 571 966 631 sit
989 591 1099 647 eorum,

194 674 282 748 Quod
303 672 366 732 sitis
388 683 487 731 exurat
508 671 630 731 miseros
651 681 741 747 atque
761 670 843 729 arida
864 683 965 742 torres,

193 774 251 829 Aut
272 769 347 829 aliae
368 769 452 828 cuius
474 768 654 828 desiderium
676 767 802 826 insideat
823 758 899 846 reid

232 864 371 940 Denique
392 863 417 922 si
438 883 542 923 vocem
563 884 659 924 rerum
681 875 785 922 natura
806 873 927 937 repente
974 942 976 945 .
1125 883 1182 940 931

193 962 292 1022 Mittat
314 972 344 1020 et
364 963 423 1020 hoc
444 960 530 1020 alicui
551 974 685 1021 nostrum
707 960 749 1018 sic
769 960 907 1036 increpet
923 960 1005 1035 ipsa:

193 1058 292 1133 ‘Quid
312 1056 367 1117 tibi
388 1067 471 1116 tanto
493 1069 619 1133 operest,
641 1055 782 1126 mortalis
804 1056 886 1131 quod
907 1054 993 1113 nimis
1014 1054 1107 1132 aegris

191 1155 334 1215 Luctibus
355 1153 512 1231 indulges?
533 1154 605 1230 quid
626 1164 751 1213 mortem
774 1153 926 1228 congemis
946 1171 982 1210 ac
1003 1153 1077 1211 fles?

192 1256 268 1312 Nam
291 1252 315 1310 si
336 1262 416 1328 grata
437 1262 571 1310 anteacta
593 1250 647 1310 fuit
668 1249 722 1310 tibi
743 1249 802 1308 vita
823 1248 962 1325 priorque
1126 1267 1182 1326 935

191 1352 229 1408 Et
250 1367 312 1407 non
334 1347 443 1419 omnia,
466 1360 616 1424 pertusum
638 1357 781 1424 congesta
801 1345 884 1421 quasi
906 1346 936 1403 in
956 1366 1017 1419 vas,

190 1446 359 1509 Commoda
378 1447 541 1521 perfluxere
561 1456 651 1521 atque
672 1444 786 1520 ingrata
806 1442 951 1516 interiere,

190 1546 250 1605 Cur
270 1562 332 1602 non
353 1553 385 1601 ut
406 1544 510 1619 plenus
532 1541 608 1600 vitae
629 1540 755 1600 conviva
776 1540 890 1601 recedis

190 1644 296 1716 Aequo
318 1638 477 1714 animoque
499 1638 579 1715 capis
600 1657 743 1716 securam,
766 1640 863 1707 stulte,
885 1635 1039 1712 quietem?

189 1736 239 1796 Sin
261 1757 297 1796 ea
318 1756 394 1813 quae
414 1738 524 1795 fructus
545 1755 673 1812 eumque
694 1755 735 1808 ες,
758 1736 870 1810 periere
891 1737 1011 1812 profusa
1127 1756 1185 1810 940

189 1831 317 1909 Vitaque
338 1831 369 1890 in
391 1832 543 1901 offensum,
564 1851 616 1890 cur
636 1832 763 1906 amplius
783 1830 894 1888 addere
915 1830 1040 1906 quaeris,

188 1925 320 1989 Rursum
341 1931 423 2006 quod
443 1939 544 2005 pereat
565 1931 643 1987 male
664 1939 693 1987 et
714 1929 860 2004 ingratum
880 1928 999 1988 occidat
1020 1947 1118 1998 omne,

189 2027 259 2085 Non
280 2025 380 2102 potius
402 2025 479 2085 vitae
501 2028 591 2084 finem
612 2023 684 2084 facis
705 2018 794 2101 atque
816 2024 945 2084 laboris?

189 2126 266 2184 Nam
288 2123 343 2183 tibi
364 2134 514 2200 praeterea
535 2126 618 2199 quod
639 2122 790 2182 machiner
810 2122 1029 2199 inveniamque,

189 2222 279 2296 Quod
300 2223 424 2297 placeat,
447 2221 489 2280 nil
510 2233 572 2280 est:
593 2221 700 2280 eadem
722 2230 792 2279 sunt
813 2220 915 2278 omnia
935 2238 1059 2296 semper.
1127 2237 1183 2295 945

188 2317 218 2378 Si
239 2317 294 2378 tibi
314 2338 375 2379 non
398 2319 484 2378 annis
505 2338 612 2395 corpus
633 2319 692 2378 iam
715 2328 827 2378 marcet
848 2328 878 2378 et
898 2327 977 2377 artus

189 2415 327 2478 Confecti
348 2419 497 2492 languent,
519 2418 623 2476 eadem
647 2427 746 2477 tamen
769 2414 872 2476 omnia
892 2426 1013 2488 restant,

189 2513 300 2575 Omnia
321 2514 345 2572 si
365 2534 470 2591 pergas
492 2514 620 2575 vivendo
641 2515 759 2575 vincere
780 2515 887 2586 saecla,

188 2613 289 2688 Atque
310 2612 399 2671 etiam
420 2612 527 2688 potius,
551 2613 575 2672 si
596 2632 762 2689 numquam
781 2614 821 2673 sis
842 2611 1032 2674 moritums’:

189 2707 271 2783 Quid
292 2710 516 2786 respondemus,
539 2709 595 2769 nisi
616 2710 724 2769 iustam
745 2709 900 2770 intendere
921 2708 1003 2768 litem
1127 2726 1186 2784 950

190 2808 334 2865 Naturam
357 2818 385 2867 et
406 2826 505 2866 veram
526 2805 623 2868 verbis
644 2826 793 2886 exponere
814 2807 956 2866 causam?

189 2904 337 2967 Grandior
358 2904 407 2965 hic
427 2925 498 2966 vero
519 2904 543 2964 si
563 2904 623 2965 iam
644 2904 802 2980 seniorque
823 2914 962 2980 queratur

172 3006 288 3079 ¹Atque
310 3001 423 3061 obitum
446 3003 623 3062 lamentetur
644 3002 733 3062 miser
753 3001 881 3078 amplius
901 3021 1006 3078 aequo,

190 3104 260 3162 Non
282 3100 388 3160 merito
410 3099 550 3160 inclamet
571 3101 664 3176 magis
685 3110 716 3160 et
737 3119 811 3159 voce
832 3099 965 3174 increpet
986 3097 1069 3156 aeri?

191 3201 298 3257 ‘Aufer
312 3198 421 3257 abhinc
435 3198 576 3270 lacrimas
594 3201 716 3270 balatro,
732 3209 762 3258 et
776 3216 936 3275 compesce
951 3197 1103 3272 querellas.
1128 3212 1184 3271 955

190 3295 300 3356 Omnia
321 3297 492 3371 perfunctus
514 3295 583 3355 vitai
604 3295 735 3372 praemia
756 3314 876 3356 marces.

189 3394 247 3452 Sed
269 3391 339 3468 quia
360 3412 477 3469 semper
498 3412 565 3452 aves
587 3395 669 3469 quod
690 3396 783 3467 abest,
806 3391 971 3468 praesentia
993 3389 1109 3461 temnis,

1246 1719 1266 1745 Ὶ

180 3565 182 3571 ,
237 3536 284 3587 935
319 3522 339 3571 si
353 3529 425 3586 grata
438 3523 484 3572 fuit
500 3530 517 3572 t.
532 3539 556 3573 v.
568 3539 592 3573 a.
603 3539 630 3590 p.
646 3523 808 3589 Naugerius:
824 3520 906 3588 gratis
916 3517 1209 3567 ammomum.

184 3606 234 3651 M:
247 3611 319 3665 grata
331 3602 378 3653 [uit
391 3604 437 3655 tibi
450 3607 503 3657 vita
514 3623 540 3659 a.
552 3625 579 3675 p.
594 3610 678 3661 MSS,
