2784 4142
399 303 603 374 urrunnu
629 323 785 376 unauna
809 328 919 378 maun
942 331 993 379 111.
1154 333 1191 399 17

217 467 319 540 Turbat,
351 489 441 546 agens
471 471 600 531 animam
630 486 756 549 spumat,
788 476 872 551 quasi
907 479 938 535 in
973 497 1101 554 aequore

278 566 353 625 salso

140 700 152 736 .,
217 660 361 721 Ventorum
381 662 487 723 validis
509 666 675 725 fervescunt
697 664 806 727 viribus
827 669 932 728 undae.

139 796 152 848 :3
215 755 375 834 Exprimitur
393 780 482 838 porro
503 761 637 838 gemitus,
660 763 732 840 quia
752 768 885 825 membra
905 767 1008 826 dolore
1133 786 1189 845 495

142 876 151 943 '3
213 855 389 929 Adficiuntur,
411 869 441 918 et
462 858 585 919 omuino
606 862 688 937 quod
709 861 822 920 semina
842 862 924 922 vocis

213 951 349 1014 Eiciuntur
369 967 399 1015 et
420 975 471 1015 ore
491 958 569 1016 foras
590 958 752 1033 glomerata
772 960 910 1034 feruntur,

139 1067 148 1137 ἐς
213 1048 266 1124 Qua
284 1049 368 1128 quasi
389 1064 569 1113 consuerunt
591 1064 620 1113 et
641 1065 710 1113 sunt
731 1056 844 1114 munita
865 1054 929 1115 viai.

211 1146 380 1226 Desipientia
400 1151 441 1222 fit,
464 1149 533 1226 quia
553 1149 596 1210 vis
617 1150 709 1209 animi
730 1166 820 1228 atque
840 1151 949 1211 animai

210 1244 394 1307 Conturbatur
414 1257 452 1320 et,
475 1258 507 1306 ut
528 1248 624 1320 docui,
647 1249 740 1309 divisa
760 1269 892 1310 seorsum

209 1339 375 1403 Disiectatur
395 1345 503 1404 eodem
523 1344 575 1404 illo
596 1346 735 1405 distracta
755 1366 879 1406 venenu.

208 1437 271 1500 Inde
292 1441 344 1501 ubi
364 1440 424 1499 iam
446 1441 541 1502 morbi
561 1441 672 1502 reflexit
692 1462 790 1515 causa,
812 1445 948 1522 reditque

139 1562 142 1595 :
206 1535 236 1597 Iu
253 1539 378 1600 latebras
399 1559 467 1599 acer
487 1540 617 1616 corrupti
638 1541 769 1619 corporis
790 1563 884 1614 umor,

204 1635 272 1696 Tum
294 1636 379 1714 quasi
400 1636 556 1696 vaccillans
577 1637 706 1714 primum
728 1639 886 1714 consurgit,
910 1648 939 1698 et
962 1638 1059 1698 omnis

203 1731 341 1794 Paulatim
362 1733 438 1793 redit
459 1733 490 1792 in
512 1754 614 1794 sensus
636 1736 826 1811 animamque
846 1746 986 1812 receptat.
1132 1753 1188 1821 595

201 1829 282 1891 Haec
303 1830 391 1908 igitur
411 1831 498 1890 tantis
521 1831 570 1891 ubi
592 1831 702 1892 morbis
723 1850 847 1908 corpore
868 1832 899 1891 in
919 1833 984 1909 ipso

139 1952 141 1959 ·
199 1926 345 1988 iactentur
365 1926 537 2003 miserisque
558 1927 655 1987 modis
677 1920 818 1988 distracta
838 1929 980 1998 laborent,

139 2032 143 2085 “,
197 2025 255 2084 Cur
275 2024 379 2084 eadem
401 2023 497 2083 credis
518 2023 581 2084 sine
603 2024 777 2102 corporeis
799 2044 867 2084 aere
887 2038 990 2101 aperto

196 2123 272 2182 Cum
292 2119 398 2180 validis
418 2120 513 2181 ventis
535 2131 661 2180 aetatem
684 2123 792 2199 degere
813 2128 924 2198 posse?

195 2217 233 2277 Et
254 2217 396 2294 quoniam
418 2229 549 2278 mentem
571 2217 675 2292 sanari,
697 2238 805 2295 corpus
826 2230 858 2278 ut
880 2239 1008 2296 aegrum,
1133 2237 1191 2294 510

195 2315 360 2388 Cernimus,
382 2326 412 2374 et
433 2315 511 2376 flecti
534 2314 682 2376 medicina
701 2335 789 2393 posse
810 2316 954 2388 videmus

194 2413 231 2472 Id
253 2430 372 2489 quoque
393 2411 539 2488 praesagit
561 2413 715 2472 mortalem
737 2411 835 2472 vivere
856 2426 994 2471 mentem.

194 2511 314 2569 Addere
334 2511 414 2569 enim
436 2508 528 2584 partis
549 2519 600 2568 aut
621 2509 725 2569 ordine
747 2509 868 2568 traicere
889 2520 1045 2585 aequumst

194 2614 255 2669 Aut
274 2608 388 2684 aliquid
409 2627 544 2684 prorsum
566 2609 604 2668 de
625 2627 743 2667 summa
763 2609 916 2668 detrahere
937 2607 1039 2680 hilum,

194 2708 386 2767 Commutare
406 2688 540 2765 auin-rum
561 2705 742 2782 quicumque
762 2706 894 2765 adoritur
915 2717 944 2765 et
965 2705 1037 2775 infit,
1130 2723 1188 2781 515

193 2805 255 2862 Aut
275 2801 364 2861 aliam
385 2801 519 2877 quamvis
541 2813 675 2861 naturam
696 2803 814 2862 flectere
836 2801 957 2878 quaerit.
979 2778 1015 2799 ‘⁸

194 2904 234 2959 At
253 2918 353 2974 neque
375 2897 522 2958 transferri
543 2895 598 2958 sibi
618 2898 710 2976 partis
730 2919 786 2958 nec
807 2898 896 2959 tribui
917 2900 979 2958 vult

194 2997 356 3056 inmortale
378 2996 460 3071 quod
482 3007 526 3055 est
548 2995 706 3072 quicquam
728 3016 827 3072 neque
849 2997 978 3056 defluere
999 2995 1098 3053 hilum.

194 3096 274 3153 Nam
295 3094 506 3169 quodcumque
528 3092 588 3152 suis
609 3104 754 3152 mutatum
776 3094 884 3153 finibus
906 3092 973 3165 exit,

194 3189 347 3252 Continuo
368 3189 426 3250 hoc
447 3209 527 3250 mors
547 3201 592 3249 est
613 3189 689 3248 illius
711 3191 794 3264 quod
814 3190 868 3248 fuit
889 3200 967 3248 ante.
1134 3204 1192 3261 520

194 3291 272 3365 Ergo
293 3287 410 3347 animus
431 3288 492 3348 sive
513 3286 661 3364 aegrescit,
686 3286 820 3346 mortalia
841 3286 925 3362 sigua

195 3385 299 3458 Mittit,
319 3384 363 3444 uti
384 3385 481 3456 docui,
504 3403 556 3443 seu
578 3382 703 3442 flectitur
723 3403 741 3442 a
762 3383 919 3442 medicina.

194 3483 301 3558 Usque
322 3482 400 3542 adeo
420 3483 512 3542 falsae
532 3479 641 3542 rationi
660 3500 731 3543 vera
749 3480 868 3543 uidetur

187 3581 251 3636 Res
270 3596 424 3640 occurrere
447 3591 478 3642 et
500 3580 648 3663 effugium
672 3584 880 3666 praecindere
904 3575 1006 3650 eunii,

252 3705 283 3748 υ.
299 3706 328 3750 ι..
343 3709 390 3752 ιιι.
1169 3690 1191 3728 ²
