2784 4142
229 330 271 395 30
557 327 589 378 τ.
613 329 776 381 Lucrum
799 329 886 380 cnm

229 473 359 552 Optima,
381 493 437 534 nec
458 477 561 536 dulces
582 487 737 536 occurrent
757 476 861 534 oscula
881 472 943 535 nati
1164 475 1213 549 895

230 572 396 649 Praeripere
416 583 446 633 et
467 571 557 632 tacita
577 584 681 648 pectus
704 572 863 633 dulcedine
886 582 1016 649 tangent.
1132 567 1138 581 ¹

231 670 301 728 Non
317 667 533 752 poterisqfaetis
555 670 729 729 florentibus
751 687 824 741 esse,
847 668 965 744 tuisque

230 764 421 824 Praesidium.
465 765 577 826 Misero
598 765 720 826 nrisere'
741 765 825 826 aiunt
848 764 964 825 ‘omnia
985 763 1097 825 ademit

231 861 302 921 Una
322 860 385 921 dies
406 860 512 920 infesta
533 860 587 921 tibi
608 872 653 921 tot
673 861 807 938 praemia
827 861 924 922 vitae)

231 959 311 1018 Illud
331 958 362 1018 in
382 957 428 1017 his
448 961 536 1018 rebus
557 977 617 1017 non
639 960 772 1019 addunt:
792 965 865 1020 ‘nec
887 958 942 1019 tibi
962 978 1064 1019 earum
1167 976 1218 1033 900

232 1056 297 1113 Iam
318 1052 496 1114 desiderium
517 1072 613 1114 rerum
635 1074 724 1130 super
744 1054 854 1114 insidet
874 1056 953 1114 una)

231 1152 322 1227 Quod
343 1153 419 1211 bene
440 1151 465 1211 si
484 1151 605 1212 videant
626 1152 728 1212 animo
749 1151 895 1228 dictisque
916 1160 1086 1227 sequantur,

232 1250 405 1310 Dissoluant
425 1249 516 1310 animi
537 1270 647 1328 magno
669 1271 701 1310 se
721 1270 831 1328 angore
852 1260 1003 1325 metuque.

233 1351 297 1408 ‘Tu
318 1348 440 1426 quidem
461 1359 494 1408 ut
515 1368 547 1408 es
568 1350 628 1409 leto
649 1349 772 1426 sopitus,
795 1348 837 1408 sic
859 1346 925 1421 eris,
946 1346 1012 1406 aevi

232 1447 323 1522 Quod
344 1456 483 1522 superest,
505 1447 619 1505 cunctis
640 1446 764 1521 privatu'
785 1444 938 1505 doloribus
959 1442 1061 1521 aegris.
1168 1456 1218 1518 905

233 1546 271 1603 At
292 1563 347 1604 nos
367 1543 502 1603 horrifico
523 1543 702 1604 cinefactum
724 1555 753 1605 te
783 1562 877 1620 prope
898 1545 988 1602 busto

233 1638 441 1699 Insatiabiliter
460 1638 642 1713 deflevimus,
665 1650 879 1715 aeternumque

233 1737 323 1795 Nulla
343 1737 406 1796 dies
427 1735 514 1795 nobis
535 1754 699 1796 maerorem
721 1755 737 1794 e
758 1747 878 1811 pectore
899 1736 1019 1794 demet’

234 1832 312 1891 Illud
333 1833 449 1891 abhoc
473 1830 560 1909 igitur
580 1833 782 1909 quaerendum
805 1841 858 1902 est,
879 1829 953 1906 quid
974 1829 1012 1889 sit
1032 1829 1124 1890 amari

232 1930 331 1988 Tanto
352 1947 449 2004 opere,
471 1928 510 1986 ad
532 1946 670 1987 somnum
693 1927 717 1986 si
737 1945 783 1987 res
804 1925 880 1986 redit
901 1937 992 2001 atque
1012 1926 1152 2002 quietem,

233 2026 295 2085 Cur
315 2025 470 2101 quisquam
490 2035 612 2085 aeterno
632 2024 725 2102 possit
746 2024 898 2084 tabescere
918 2025 1008 2083 luctu.
1170 2042 1219 2100 911

234 2125 299 2183 Nec
319 2122 374 2183 sibi
396 2122 474 2182 enim
496 2122 654 2199 quisquam
675 2135 739 2182 tum
761 2143 793 2183 se
813 2122 964 2198 vitamque
985 2121 1114 2197 requirit,
1170 2142 1221 2198 9¹9

235 2224 311 2282 Cum
332 2221 440 2298 pariter
459 2241 543 2282 mens
564 2234 594 2282 et
615 2241 723 2298 corpus
746 2219 844 2298 sopita
865 2219 1030 2296 quiescunt
1170 2238 1222 2297 920

234 2320 313 2377 Nam
334 2317 403 2377 licet
423 2330 577 2378 aeternum
597 2337 650 2394 per
672 2338 728 2378 nos
749 2317 792 2378 sic
813 2338 879 2378 esse
899 2336 1047 2393 soporem,

234 2418 299 2475 Nec
319 2414 498 2476 desiderium
519 2417 611 2476 nostri
632 2435 687 2476 nos
709 2415 810 2475 adficit
831 2416 934 2474 ullum.

234 2515 273 2572 Et
293 2523 393 2574 tamen
414 2515 645 2591 haudquaquam
666 2526 784 2574 nostros
805 2525 876 2573 tunc
897 2514 948 2572 illa
969 2532 1022 2588 per
1044 2524 1123 2572 artus

234 2613 337 2688 Longe
356 2613 395 2670 ab
416 2611 563 2671 sensiferis
584 2610 746 2687 primordia
770 2611 902 2670 motibus
924 2622 1029 2682 errant,

234 2709 311 2768 Cum
332 2719 483 2784 correptus
504 2710 597 2768 homo
618 2729 654 2768 ex
674 2728 782 2768 somno
803 2729 835 2768 se
856 2708 968 2785 colligit
990 2707 1062 2784 ipse.
1172 2723 1223 2784 9²5

235 2807 333 2867 Multo
353 2805 441 2882 igitur
461 2818 586 2866 mortem
608 2807 767 2867 minusad
789 2826 844 2867 nos
866 2826 931 2866 esse
952 2807 1156 2882 putandumst,

234 2904 265 2965 Si
286 2903 384 2963 minus
405 2924 470 2964 esse
490 2914 589 2981 potest
609 2924 700 2980 quarn
721 2904 802 2979 quod
824 2903 866 2962 nil
887 2922 951 2963 esse
972 2904 1127 2977 videmus,

155 3040 162 3053 ·
235 3000 333 3061 Maior
352 2999 431 3061 enim
453 3002 555 3061 turbae
577 2999 718 3060 disiectus
739 2998 872 3058 materiai

235 3096 435 3173 Consequitur
455 3099 524 3168 leto,
547 3117 602 3157 nec
622 3097 781 3173 quisquam
803 3094 970 3172 expergitus
992 3107 1096 3169 exstat,

235 3192 353 3271 Frigida
373 3213 461 3270 quem
483 3196 576 3254 semel
596 3207 642 3254 est
664 3194 734 3253 vitai
757 3213 850 3268 pausa
871 3205 980 3252 secuta.
1173 3212 1228 3270 93⁰

275 3295 345 3352 Hoc
366 3291 454 3351 etiam
476 3292 587 3352 faciunt
608 3294 660 3353 ubi
682 3292 857 3350 discubuere
879 3302 1042 3366 tenentque
1174 3311 1227 3368 91²

234 3389 346 3448 Pocula
367 3406 457 3462 saepe
479 3387 615 3447 homines
637 3399 666 3446 et
687 3386 858 3445 inumbrant
880 3406 932 3445 ora
953 3386 1080 3459 coronis,

219 3485 271 3536 Ex
289 3483 395 3542 animo
418 3495 452 3543 ut
471 3484 594 3544 dicant:
618 3482 732 3544 ‘brevis
752 3484 801 3542 hic
822 3495 866 3542 est
888 3485 999 3542 fructus
1020 3483 1160 3544 homullis
1171 3506 1180 3560 ;

452 3622 598 3677 9¹9-930
615 3600 661 3662 ar'e
669 3611 763 3676 placed
776 3609 833 3658 herc
846 3608 874 3672 by
889 3606 1015 3656 Susemtlrl
